3117 5175
384 420 624 494 insonnem
646 413 1011 486 conmucuronon,
1149 503 1153 508 ³
1216 405 1277 474 rsa

150 605 274 692 diasat)
298 606 385 672 olere
413 602 496 667 satis
518 596 672 682 exposuit
695 587 906 674 Hoogersen.
961 584 1050 652 Nam
1070 583 1110 652 tle
1135 589 1274 670 singulis

26 775 32 788 Ι
148 695 345 778 quibusdam
360 690 441 755 locis
456 688 576 759 dicere,
598 699 673 764 quae
689 695 755 744 non
781 678 823 740 de
840 675 1000 759 peculiari
1021 676 1190 822 particulos
1214 692 1274 737 usn

150 786 319 854 moneant,
345 780 480 858 longum
496 775 551 836 sit.
598 767 670 834 Hoc
695 777 799 848 genus
826 767 888 835 est,
910 761 998 841 quod
1052 762 1154 825 mesti
1176 762 1276 825 hebet

148 868 180 932 in
194 867 357 949 glossario
371 861 499 943 Polybii
516 857 559 922 ad
583 857 619 920 ii.
639 853 688 917 12.
712 851 739 914 οἳ
761 849 810 913 καὶ
834 871 878 912 τοι
895 849 1053 921 accitam·
1068 867 1077 910 τ
1102 851 1123 884 “
1146 845 1276 912 Redito-¹

148 963 171 994 ‘⁶
195 954 286 1027 dat‚”
315 951 437 1033 inquit,
462 951 485 987 “
499 947 676 1026 eleganter.
734 937 790 1002 Sic
811 941 845 1000 et
923 949 980 997 cas
1004 933 1040 1000 in
1065 933 1161 1021 Act.”
1202 933 1274 1000 iioc

148 1041 229 1104 mihi
245 1050 308 1104 non
324 1035 499 1103 satisfacit.
544 1029 654 1095 Verba
677 1025 803 1107 Polyhii
819 1028 918 1086 sunt:
937 1019 984 1084 ‘0
1003 1021 1187 1096 Ποοτούμιον
1199 1024 1276 1095 used

147 1133 241 1191 ταῦτα
263 1122 441 1211 πρεσβευτὰς
463 1118 645 1195 ἐξαπέστειλε
672 1115 742 1199 πρὸς
762 1137 794 1173 τε
820 1107 886 1172 τοὺς
910 1107 1062 1173 Αἰτωλοὺς
1085 1104 1135 1171 ridi
1160 1110 1193 1173 τὸ
1220 1115 1275 1172 stit

142 1212 277 1294 Ἀχαιῶν
297 1209 396 1276 ibice:
420 1215 512 1272 tuin:
537 1209 563 1268 οἱ
585 1203 633 1268 καὶ
653 1225 764 1286 παραγ.
789 1200 823 1262 h.
837 1217 868 1262 e.
892 1207 916 1237 ‘⁶
932 1198 989 1279 qul
1012 1203 1051 1260 iit
1075 1197 1167 1261 iills'si
1182 1204 1275 1263 erant

135 1302 166 1358 .“
187 1303 236 1364 ita
249 1296 349 1363 eiiam
363 1299 398 1361 in
413 1295 613 1376 colloquium
627 1289 715 1372 apud
737 1292 894 1368 utrosque
917 1284 1068 1359 admissi,
1092 1285 1178 1349 etc.''
1219 1285 1274 1352 Sic

143 1384 294 1470 παρελθεῖν
305 1381 436 1470 prodire
451 1377 582 1446 dicendi
590 1385 686 1442 conto
698 1373 859 1447 inlocum,
870 1369 928 1436 coi
940 1371 1098 1435 orationes
1107 1369 1271 1436 habentur.
1288 1407 1294 1417 ›

143 1469 234 1538 Idem
258 1473 382 1554 copule
402 1486 483 1534 neus
497 1473 548 1532 est
569 1468 605 1530 in
622 1468 711 1528 sorte
735 1459 883 1544 Telepho
897 1459 999 1531 edita,
1026 1466 1064 1522 ut
1077 1459 1274 1542 exprimitur

146 1563 233 1646 apud
262 1561 457 1624 Suetonium
483 1543 599 1618 Claud.
629 1549 683 1614 43.
706 1569 725 1612 e
749 1551 837 1631 conj.
880 1545 1041 1611 Victorii:
1066 1549 1205 1631 ὅτρώσαι
1226 1545 1274 1609 καὶ

147 1649 266 1712 ἰάσεται.
309 1646 345 1710 si
360 1645 484 1709 acinon
501 1641 640 1718 adesset,
655 1637 792 1701 verbum
807 1637 917 1696 ἰάσεται
942 1650 1008 1697 non
1025 1635 1072 1697 ita
1097 1634 1275 1698 referretur
1295 1652 1299 1657 ’

146 1737 187 1799 ad
202 1738 324 1821 τρώσας,
347 1739 385 1798 ut
406 1731 616 1812 intelligeres,
642 1725 763 1787 merito
782 1723 922 1786 eundem
945 1719 1105 1784 Achillem
1130 1719 1273 1802 Telepho
1398 1715 1406 1724 ’

146 1823 343 1886 medicinam
371 1821 536 1884 iacturum
563 1831 641 1893 esse,
664 1811 721 1892 qui
741 1806 926 1892 Telephum
944 1808 1147 1880 vulnerovlt3
1169 1825 1277 1888 neque

146 1908 360 1990 intelligeres,
375 1906 464 1990 quod
479 1903 590 1974 simul,
606 1897 778 1964 obscurius
796 1898 883 1973 licet,
900 1894 1114 1974 significatur,
1130 1895 1163 1958 et
1185 1897 1277 1976 miluo

145 1995 242 2061 lacile
257 2000 292 2060 et
306 1995 420 2058 eadem
434 2010 468 2060 re
483 1991 578 2054 illum
592 1984 790 2051 medicinam
805 1989 877 2046 esse
892 1982 1066 2044 lactarunt.

577 2108 681 2176 man
704 2109 752 2193 (et
768 2105 857 2192 ns.)
887 2200 890 2207 4

189 2233 374 2300 Notissima
385 2237 435 2297 est
444 2228 680 2315 paiticularum
695 2223 749 2296 μὲι
762 2227 797 2285 et
811 2221 842 2284 ii
852 2217 1075 2294 necessitudo,
1088 2239 1129 2286 ex
1141 2239 1207 2304 qua
1219 2228 1274 2287 ra

146 2324 233 2389 inter
254 2343 290 2388 se
304 2321 475 2406 opposite,
501 2316 551 2379 rel
567 2317 698 2377 tanturn
712 2309 847 2372 dirersis
861 2312 894 2369 et
916 2308 1137 2375 membrorum
1159 2327 1273 2374 conve.

146 2413 274 2476 nientia
287 2409 351 2473 sibl
377 2403 625 2486 respondentes,
641 2399 826 2461 nectuntur.
871 2391 992 2457 summ
1014 2394 1100 2457 ratio
1121 2411 1207 2480 saepe
1228 2392 1278 2464 ita

146 2500 259 2572 habet,
274 2503 313 2561 ut
325 2512 367 2558 ex
381 2487 499 2562 MEN,
515 2489 581 2562 μὲν,
603 2487 644 2562 δὲ,
660 2479 724 2546 ΔΕ
738 2481 854 2546 mediae
867 2481 954 2543 inter
979 2499 1015 2544 se
1028 2481 1224 2558 referantur,
1246 2488 1282 2552 et

106 2656 111 2666 ,
145 2583 266 2654 ultima
280 2588 361 2650 item
384 2577 581 2663 respondeat
603 2573 733 2657 primm,
761 2568 915 2649 nullaque
935 2567 1074 2648 proinde
1095 2570 1279 2652 pleonasmi

146 2672 265 2739 debeat
292 2688 366 2735 esse
388 2664 545 2749 suspicio.
591 2660 657 2725 Sed
682 2656 832 2722 Dorrilie
856 2656 898 2718 ad
925 2653 1024 2717 Char.
1040 2655 1085 2719 ri.
1103 2655 1134 2719 5.
1150 2673 1184 2739 p.
1201 2657 1274 2725 543,

148 2762 198 2826 ed.
215 2758 306 2843 Lips.
332 2756 373 2818 de
388 2754 512 2816 talibus
535 2749 616 2814 locis
637 2748 687 2810 ita
701 2742 850 2825 loquitur
867 2761 875 2803 ι
900 2749 922 2781 “
941 2737 1002 2804 llla
1015 2743 1179 2822 particula
1192 2744 1276 2828 (μὲν)

148 2857 171 2890 “
195 2846 309 2911 crebro
322 2842 414 2923 quasi
428 2858 488 2922 pro
512 2836 619 2900 nihilo
638 2832 787 2907 habetur,
813 2827 990 2891 etiterum
1014 2830 1153 2909 proinde
1176 2833 1279 2897 etioiti

146 2938 169 2973 ‘⁸
193 2933 284 2997 aliud
311 2930 364 3004 μὲν
388 2928 437 2991 r'el
464 2926 493 2988 is
517 2920 660 2987 orationi
685 2920 756 2981 sine
780 2932 868 2977 noxa
887 2912 1053 2994 adjicitur,
1080 2922 1118 2978 ιιι
1144 2917 1221 2981 hic.
1240 2954 1277 2982 ,ι

148 3026 174 3063 “
197 3016 306 3083 Etiam
321 3017 404 3080 alias
418 3011 614 3077 creberrime
629 3000 774 3070 abundat
790 3000 872 3065 illud
886 3002 950 3074 μὲν,
971 3004 1007 3062 et
1020 3001 1145 3066 similia
1158 3006 1279 3069 oratio·

150 3112 175 3149 “
198 3106 249 3170 nls
262 3096 535 3185 complementa.”
579 3090 691 3157 Verba
704 3088 897 3153 Charitonis
910 3092 1010 3150 sunt:
1034 3084 1205 3173 Κολλιρῤὁιι
1226 3093 1279 3166 μὲι

149 3192 184 3258 sb
196 3194 248 3267 μὲν
261 3197 372 3276 πρῶτον
388 3187 528 3271 ὥριυοοεν,
543 3186 565 3244 εἰ
579 3178 706 3255 δυνατὸν,
732 3176 781 3237 καὶ
799 3172 864 3237 τοὺς
888 3170 1060 3254 ὀφθαλμοὺς
1082 3172 1206 3259 ἐξορύξαι
1228 3187 1279 3243 τοῦ

148 3276 357 3361 διαφθείροντος
367 3274 467 3340 αὐτήν.
512 3268 577 3333 Oia
592 3266 620 3329 δὲ
635 3264 708 3341 γονὴ
722 3258 932 3335 πεπαιδευμένη
948 3306 957 3322 .
974 3306 982 3323 .
998 3306 1005 3321 .
1019 3258 1071 3324 wis
1084 3261 1170 3345 ὀργὴν
1192 3268 1279 3337 ’μιν-ἕ.

146 3372 225 3443 βολε
238 3372 302 3428 etc.
347 3357 455 3431 Patet,
470 3358 523 3433 μὲν
537 3362 615 3419 ante
635 3356 745 3437 πρῶτον
760 3348 907 3431 positum
922 3353 956 3409 et
970 3346 999 3409 δὲ
1013 3351 1089 3409 ante
1101 3347 1181 3421 omi·
1195 3351 1281 3415 mter

148 3469 186 3519 se
202 3450 329 3515 reterri.
375 3443 440 3509 Sed
449 3444 553 3527 priori
568 3443 620 3515 μὲν
641 3444 757 3502 auctor
771 3451 939 3517 opponere
965 3433 1097 3495 volebat
1121 3434 1212 3499 alind
1237 3436 1280 3514 ii,

148 3538 297 3604 liuttere
319 3532 436 3598 modo:
456 3528 502 3593 ‘O
525 3528 554 3591 ti
580 3525 737 3606 Εὐνοῦχος.
783 3519 848 3583 Sed
874 3519 990 3582 multis
1013 3520 1194 3601 interJectis
1221 3523 1281 3589 hoo

147 3626 277 3691 dimisit
291 3622 468 3692 exanimo,
482 3634 550 3679 non
563 3612 695 3699 penitus
709 3608 792 3671 illud
806 3606 954 3687 quidem,
974 3604 1031 3666 secl
1047 3606 1105 3682 ita,
1130 3613 1168 3671 ut
1189 3626 1281 3692 repe·

148 3716 215 3777 tito
228 3722 270 3801 τῷ
289 3710 342 3786 μὲν
355 3706 531 3771 scriberet:
553 3700 601 3764 aei
616 3700 636 3765 t
650 3692 888 3779 μὲνιιινέδςοιιει.
923 3688 1025 3756 ”Em
1041 3688 1104 3753 ΔΕ
1119 3695 1133 3753 ὁ
1147 3698 1281 3776 εὐνοῦχοι

148 3804 171 3863 ol
219 3800 279 3867 ric.
322 3792 432 3867 Etiam
454 3792 514 3854 hoc
536 3786 686 3868 exemplo
708 3780 749 3845 D.
764 3780 871 3843 utitur
885 3796 927 3840 ex
941 3777 991 3839 111.
1005 3775 1038 3839 8.
1062 3776 1207 3844 Διονύσιος
1227 3784 1280 3854 μὲν

148 3824 324 3950 &odoror
338 3882 391 3956 μὲν
402 3878 556 3941 ἀκουόντων
570 3868 630 3934 εἶπε
646 3871 698 3935 τὴν
713 3867 818 3949 εὐχὴν,
842 3861 1013 3948 Konopion
1026 3863 1056 3929 δὲ
1070 3867 1144 3936 μόνοι
1159 3864 1279 3931 ἐθέλησε
1302 3920 1307 3927 ,

149 3972 223 4057 πρὸς
233 3971 287 4037 τὴν
298 3966 473 4052 Ἀφροδίτην
487 3964 624 4029 asaiam.
667 3952 704 4019 ln
713 3974 752 4018 eo
766 3951 938 4037 porticale
952 3951 1005 4025 μὲν
1026 3948 1072 4014 οὖν
1084 3956 1280 4017 connectunt

151 4058 392 4126 narrationem,
407 4055 599 4128 certumque
622 4042 763 4106 afferunt
778 4040 905 4103 iactum
933 4037 987 4118 (de
1010 4037 1095 4103 rotis
1110 4056 1132 4101 a
1156 4037 1280 4120 Diony-

150 4144 205 4209 sio
233 4142 346 4226 factis)
376 4144 511 4224 propter
538 4139 647 4205 cetera
678 4128 760 4191 scitu
789 4127 1023 4205 necessarium,
1054 4122 1142 4205 quod
1169 4130 1279 4191 tamen

150 4230 264 4315 quoad
277 4232 448 4293 externam
459 4221 630 4288 sententie
644 4216 785 4281 formam
798 4212 840 4276 ad
855 4214 957 4275 aliam
977 4214 1132 4292 deinceps
1147 4211 1282 4291 snbjici-
1378 4215 1404 4292 j

151 4320 274 4383 endam
298 4312 494 4381 sententiam
520 4328 587 4372 non
607 4304 769 4368 retertur:
791 4299 880 4382 quod
901 4317 976 4363 cum
994 4299 1032 4360 tlt
1060 4296 1144 4358 nihil
1170 4300 1285 4380 primae

152 4404 326 4489 particule
340 4401 393 4475 μὲν
407 4398 562 4463 redditur.
607 4388 681 4455 Hoc
693 4396 743 4452 est
757 4387 846 4469 quod
867 4383 966 4449 Dorv.
982 4382 1074 4454 dicit,
1093 4398 1166 4445 earn
1187 4388 1284 4465 quasi

152 4505 217 4577 pro
231 4490 338 4554 nihilo
353 4487 479 4550 haberi.
524 4478 589 4544 Sed
609 4476 772 4562 posterius
787 4475 840 4551 μὲν
858 4471 1014 4542 refertur,
1037 4468 1123 4532 sicut
1144 4477 1284 4554 oportet,

154 4578 200 4643 ad
215 4577 256 4652 δὲ,
279 4576 360 4659 quia
380 4574 493 4635 πάντων
506 4568 660 4631 ἀκουόντων
683 4582 705 4626 o
728 4562 864 4645 ponitur
887 4554 986 4621 verbo
1004 4556 1088 4632 μόνον,
1109 4556 1197 4637 quod
1217 4556 1284 4623 iiic.

79 4684 93 4695 ”
156 4670 296 4740 tument
309 4679 371 4753 pro
385 4656 489 4727 oticsis
503 4656 659 4723 ἀκούοντος.
738 4668 777 4715 oc
801 4648 905 4732 igitur
926 4643 981 4719 μὲν
1004 4658 1071 4711 noti
1091 4644 1190 4711 modo
1213 4647 1285 4715 sino
1317 4712 1328 4719 „
