3117 5175
356 424 597 485 PLEONASMI
617 421 986 482 CONIUNCTIONUM.
1185 418 1244 479 ll‘l

112 585 192 649 dixit
205 586 248 645 dn
262 585 316 649 τέιν
330 587 426 647 αἰτίαν
448 588 508 647 aut
526 586 564 645 ds
587 608 617 644 τ.
633 608 663 644 a.
680 584 822 666 (propter
836 580 990 660 causum),
1012 589 1068 645 aut
1083 604 1158 649 cum
1173 586 1241 649 alio

111 670 302 735 accusativo.
357 666 397 733 In
419 667 505 733 Plat.
527 671 568 730 de
593 688 661 752 rep.
691 669 714 729 i.
743 667 809 729 vol.
834 667 878 728 vi.
900 683 932 748 p.
963 662 1034 727 179.
1057 686 1083 729 ι.
1112 672 1241 734 dixerat

111 754 376 835 Thrasymachus,
399 754 526 820 Socrati
551 773 658 837 neque
680 772 812 835 gregem
829 770 937 833 neque
961 756 1125 833 pastorem
1140 758 1241 840 plane

110 848 224 907 notum
253 860 346 913 esoe3
375 841 436 905 odit
458 843 597 925 πρόβατα
625 839 688 903 οὐδὲ
710 842 831 912 ποιμένα
852 840 1003 911 γινώσκειν.
1054 834 1131 901 Ὀτι
1153 840 1188 909 δή
1211 869 1241 905 τι

109 931 237 1002 μάλιστα
251 948 260 1000 ;
281 925 314 993 ἦν
328 926 355 987 δ’
368 930 436 1001 ἐγώ.
475 924 553 991 Ὀτι
568 926 616 989 οἴει
631 924 696 988 τοὺς
709 928 847 1005 ποιμένος
861 922 880 991 ἢ
896 920 962 984 τοὺς
974 923 1128 995 βουκόλους
1138 924 1172 989 rb
1185 934 1242 993 τᾶν

109 1040 134 1077 ον
160 1014 259 1086 βάτων
273 1013 293 1081 ἢ
308 1013 342 1074 τὸ
356 1020 413 1085 τῶν
425 1018 500 1086 βοῶν
513 1010 625 1088 ἀγαθὸν
641 1016 763 1074 cassair-
809 1007 1241 1094 Aristoph.iP1ut.l3h.·s.

142 1098 185 1161 A.
202 1099 245 1161 bri
256 1100 286 1162 ri
296 1098 352 1170 bri:
371 1096 442 1161 XP.
456 1102 499 1161 ὅτ’
511 1099 570 1161 odl’
586 1096 618 1161 aiv
632 1096 673 1161 εἷς
686 1095 795 1160 boorias
810 1093 964 1180 ἀνθρὼπων
979 1094 1021 1157 ἔτι
1039 1143 1046 1159 .
1066 1142 1073 1159 .
1093 1142 1100 1157 .
1116 1098 1162 1171 μὴ
1174 1103 1242 1171 βου·

106 1188 224 1257 maimo
238 1192 298 1249 σοῦ.
342 1183 453 1250 Facile
472 1187 549 1266 quis
569 1186 635 1249 hac
656 1186 730 1248 loca
754 1182 797 1245 ad
819 1182 959 1247 eundem
981 1182 1115 1247 modum
1129 1186 1241 1268 expla-

106 1272 210 1343 nabit.
223 1278 260 1336 ut
274 1290 337 1351 ego
351 1273 409 1336 illa
424 1272 465 1334 de
475 1272 522 1335 ἵνα
535 1272 576 1334 τί.
671 1345 673 1350 Ι

146 1358 179 1421 3.
201 1356 253 1422 Ι)ε
267 1361 305 1421 ὡς
319 1360 351 1420 τί
369 1358 557 1440 exemplum
579 1364 691 1441 petam
705 1375 724 1419 e
739 1352 877 1419 luciani
900 1352 1137 1439 Necyomantia
1155 1376 1181 1421 c.
1206 1356 1239 1423 8.

103 1445 161 1507 ubi
183 1441 348 1527 Menippo
369 1444 404 1509 iu
425 1442 548 1522 Orcum
562 1444 758 1520 descensuro
773 1438 1064 1507 Mithrobarzanes
1080 1450 1241 1519 suaserat,

104 1532 132 1594 si
147 1531 223 1611 quis
238 1532 342 1613 ipsius
354 1550 473 1595 nomen
487 1531 577 1613 apud
592 1530 716 1594 interos
729 1530 922 1611 requireret,
945 1525 1098 1593 Μένιππον
1120 1535 1174 1606 μὲν
1193 1535 1241 1607 μὴ

101 1622 206 1695 λέγειν,
222 1614 380 1700 Ἡρακλέα
394 1616 436 1691 δὲ,
458 1614 649 1693 ἦὈδυοοέο,
671 1612 834 1700 ἧὈρφέοι.
880 1612 1082 1692 Philonides,
1099 1619 1152 1681 cul
1168 1616 1243 1684 Me·

101 1704 226 1785 nippus
240 1722 310 1765 rem
333 1711 459 1778 narrat,
481 1703 605 1767 sciendi
628 1703 745 1767 avidus
767 1721 845 1766 eum
867 1699 1055 1783 interpellat
1069 1698 1179 1769 r'erbis
1203 1710 1242 1771 ds

101 1786 151 1865 ah,
162 1789 283 1869 quibus
297 1790 495 1873 Menippum
505 1797 615 1853 cetera
626 1790 697 1871 vult
708 1788 855 1868 adjicere
866 1780 908 1849 ad
919 1788 1157 1855 absolvendam
1168 1812 1242 1857 sen·

99 1875 255 1954 tentiam,
276 1894 307 1939 ν.
323 1898 350 1940 c.
368 1876 463 1941 αἰδοῦς
475 1878 629 1957 τυγχάνειν
654 1875 738 1960 παρὰ
763 1879 820 1937 τῶν
842 1875 934 1952 καίτοι,
955 1878 1025 1951 aut,
1044 1876 1132 1957 quod
1147 1898 1240 1963 seqq.

100 1961 232 2036 volunt,
255 1962 308 2028 τὴν
323 1968 374 2025 τοῦ
386 1960 499 2038 Αἰακοῦ
513 1963 630 2047 φρουρὰν
653 1957 801 2025 διαλαθεῖν
822 1960 871 2022 scri
894 1964 1052 2023 ἀκωλύτως
1069 1956 1241 2047 παρελθεῖν.

99 2044 169 2110 Sed
181 2048 252 2131 ipse
268 2047 343 2119 Ph..
366 2067 432 2112 non
447 2050 645 2132 exspectatis
657 2047 710 2112 bis
725 2047 842 2111 aliisve
855 2046 984 2119 verbm,-
1003 2049 1051 2111 ita
1063 2051 1192 2132 pergit:
1211 2053 1244 2114 τί

98 2140 201 2210 τοῦτο,
217 2132 240 2197 d
256 2134 305 2199 M.
321 2140 386 2199 etc.
402 2134 536 2220 (nempe
552 2135 662 2207 verba,
684 2154 758 2217 qua
782 2154 842 2215 ego
857 2132 1064 2215 interpositis
1080 2138 1162 2199 meis
1176 2136 1243 2200 dis-

91 2220 210 2300 junxi,
232 2224 281 2299 sic
302 2222 457 2305 deinceps
480 2222 607 2305 scripta
628 2226 727 2285 sunt:
747 2218 810 2281 Ὡς
825 2218 861 2285 δὴ
877 2220 908 2280 τί
922 2226 1019 2293 τοῦτο,
1042 2216 1242 2297 ὦΜένιιιιιε;

96 2311 183 2384 etc.)
204 2305 284 2372 Inde
296 2307 475 2393 Menippus
489 2308 520 2371 ei
535 2306 666 2390 planius
679 2325 747 2373 rem
762 2305 921 2387 exponit3
945 2322 1012 2367 non
1035 2300 1145 2370 tamen
1160 2328 1242 2374 usus

95 2395 275 2475 particulis
290 2398 327 2457 ds
341 2393 395 2461 tt:
419 2413 496 2457 nam
512 2412 598 2477 saepe
620 2394 705 2456 alter
729 2394 765 2455 in
779 2408 939 2475 responso
962 2391 1030 2455 alia
1055 2392 1156 2459 rerba
1178 2415 1242 2481 pro

92 2480 242 2545 arbitrio
272 2501 329 2557 suo
358 2479 505 2552 adhibet,
538 2480 719 2562 praesertim
748 2478 777 2541 si
809 2479 1018 2558 interrogans
1043 2477 1242 2563 interposuit

93 2566 181 2641 alia,
203 2568 389 2634 cunctantis
412 2585 568 2650 responso
594 2585 661 2630 nou
691 2568 893 2650 exspectato,
915 2570 953 2627 ut
967 2558 1053 2627 Plat.
1081 2562 1177 2648 Apol.
1202 2566 1240 2632 S.

93 2653 124 2736 ξ.
158 2651 210 2717 14.
235 2653 396 2738 (Bipont.
412 2655 477 2717 vol.
495 2654 517 2718 i.
539 2673 573 2736 p.
590 2650 659 2734 bl.)
694 2651 813 2715 Sedet
836 2649 1008 2732 Aristopb.
1034 2649 1100 2712 ita:
1120 2650 1190 2717 “Ira
1209 2655 1242 2717 ri

93 2745 186 2802 τοῦτο
202 2738 302 2824 δρᾶτον
316 2760 325 2812 ;
347 2737 415 2803 ΤΡ.
432 2737 512 2803 “Orc
526 2740 560 2804 νὴ
576 2737 643 2800 Aia
656 2739 740 2812 ἡμεῖς
752 2738 806 2812 μὲν
821 2742 883 2799 etc.
908 2734 943 2798 in
969 2731 1032 2882 Εἱὲ.
1048 2732 1123 2801 408.
1145 2757 1173 2803 s.
1196 2737 1241 2807 Et

89 2822 268 2892 Lucianus
284 2829 367 2904 item¹
378 2827 413 2891 iu
427 2823 596 2889 Charonte
608 2845 634 2888 c.
652 2821 683 2886 6.
697 2819 800 2886 ΧΑΡ.
823 2817 940 2893 Οἶσθα,
956 2817 997 2884 d‘
1028 2824 1102 2905 ρμιῗι,
1115 2826 1152 2887 ὡς
1162 2825 1240 2892 οὐδὲν

88 2912 167 2984 ἡμῖν
181 2916 370 2996 ratapant-aij
386 2912 468 2974 ἀλλὰ
480 2914 580 2986 μάτην
594 2909 642 2972 τὸν
656 2907 825 2996 Παρνασσὸν
839 2912 918 2994 αὐτῇ
934 2903 1108 2988 Κασταλίᾳ,
1121 2910 1170 2972 καὶ
1184 2913 1240 2978 τὴν

87 2994 214 3071 Οἴτνιν,
235 2999 284 3063 καῖ
312 2998 353 3062 τοὶ
380 2995 462 3062 ἄλλο
483 2985 533 3081 ’ὅρον
558 2995 806 3072 persensissem
829 2991 936 3056 EPM.
954 2990 1032 3056 Ὀτι
1055 2996 1104 3069 τί;
1134 2993 1237 3063 ΧΑΡ.

87 3079 197 3148 Οὐδὲν
213 3090 336 3169 οἷκριβῦς
349 3086 441 3160 ’ἔγωγε
454 3082 513 3148 alab
527 3092 579 3148 τοῦ
594 3081 712 3157 ὑψηλοῦ
725 3085 789 3166 ὁρῶ·
806 3079 966 3154 ἐβουλόμην
981 3077 1010 3142 δὲ
1025 3085 1088 3144 etc.

133 3169 209 3235 Sed
223 3191 302 3236 usus
316 3180 366 3235 τοῦ
378 3172 422 3233 ἵνα
437 3173 467 3232 τί
480 3170 613 3233 deflexit
626 3187 678 3245 eo,
690 3174 729 3232 ut
742 3167 842 3232 etiam
854 3171 949 3230 extra
962 3165 1124 3246 colloquia
1137 3167 1237 3250 plane

85 3258 142 3322 ita
157 3263 355 3341 poneretur,
377 3266 416 3321 ut
439 3256 485 3319 hs
498 3258 541 3328 τί,
563 3261 597 3319 et
619 3254 760 3335 originis
769 3253 952 3334 ‘vestigium
966 3253 1001 3316 in
1016 3253 1140 3318 talibus
1154 3255 1239 3320 locis

82 3363 159 3408 non
190 3350 381 3428 appareret,
404 3361 544 3426 quorum
559 3343 655 3426 plura
669 3347 846 3406 occurrunt
867 3341 902 3404 in
918 3337 952 3404 N
955 3387 963 3402 .
979 3335 1018 3402 T.
1060 3335 1149 3406 Hine
1161 3361 1236 3426 par·

80 3432 209 3496 ticulae
223 3432 280 3504 ἵνα.
295 3431 339 3494 ὅτι
353 3438 387 3495 et
401 3434 438 3494 ds
451 3429 620 3494 abundare
635 3433 669 3491 et
684 3429 791 3491 solum
807 3427 839 3488 τί
862 3423 938 3510 (pro
953 3425 998 3488 inl
1012 3425 1056 3508 m)
1080 3426 1124 3489 ad
1138 3428 1237 3493 inter-

79 3516 284 3599 rogandum
299 3514 446 3583 sufficere
461 3515 601 3580 videtur.
647 3509 846 3595 Hoogeveen
868 3513 903 3574 in
918 3530 1016 3596 opere
1036 3511 1076 3573 de
1090 3515 1236 3597 particu-

80 3605 129 3669 lis
149 3600 220 3667 Gr.
235 3620 302 3668 uon
327 3606 453 3687 optime
469 3601 503 3664 τὸ
524 3602 568 3663 ha
590 3603 620 3663 τί
641 3598 795 3665 illustrat.
842 3595 937 3662 Nihil
957 3597 1048 3662 enim
1063 3597 1145 3674 iere,
1168 3603 1236 3666 nisi

79 3692 237 3774 ellipsin
252 3691 463 3755 statuendam
474 3707 557 3761 esse,
572 3687 664 3769 dicit,
680 3694 732 3751 τοῦ
741 3687 852 3766 πάσχω
865 3685 916 3772 rel
933 3685 1088 3762 ὦφελῶμοι
1099 3686 1151 3751 vel
1163 3689 1236 3750 a'so-

75 3781 189 3839 λιῠω.
215 3774 279 3856 Sed
293 3778 410 3853 talium
426 3775 601 3839 verborum
614 3773 746 3858 ellipsin
757 3791 822 3836 nou
836 3770 933 3834 iacile
949 3770 1111 3835 introduci
1125 3791 1234 3856 posse,

75 3865 261 3928 aetatiores
275 3863 408 3927 facilius
421 3864 575 3937 sentient,
590 3877 690 3940 quam
704 3878 765 3942 ego
777 3857 947 3921 verbosius
960 3857 1131 3940 explicem.
1155 3856 1235 3923 Pro·

76 3949 243 4013 babilior
267 3955 355 4013 esset
380 3947 507 4032 ellipsis
529 3953 580 4010 τοῦ
603 3948 712 4020 γέγονε,
734 3947 870 4019 «γίγνηται
883 3949 946 4008 eto.
967 3950 1006 4008 ut
1020 3945 1124 4018 verbi,
1146 3945 1235 4029 quod

74 4038 269 4111 notionem
283 4035 383 4100 habet
397 4036 502 4098 multo
517 4033 617 4097 latius
631 4037 812 4114 patentem,
828 4036 861 4093 et
875 4031 968 4113 cujus
983 4031 1126 4095 usumin
1141 4031 1233 4096 omni

70 4122 248 4188 oratione
263 4122 363 4184 nimis
378 4122 579 4202 frequentem
605 4115 712 4181 Graeci
737 4119 1031 4200 circumscripsisse
1044 4117 1231 4180 videantur.

69 4207 130 4272 Ea
147 4208 285 4291 placuit
297 4205 474 4272 lamberto
488 4205 553 4270 Bos
566 4203 700 4269 etaliis.
746 4203 824 4268 Non
846 4205 937 4267 enim
959 4203 1102 4286 cujusvis
1123 4202 1231 4276 verbi,

67 4295 175 4376 quod
196 4294 349 4358 additum
362 4295 562 4359 sententiam
577 4291 718 4376 expleat,
742 4289 869 4374 ellipsis
883 4295 971 4354 recte
985 4289 1153 4354 statuitur.
1177 4286 1231 4352 Cf.

66 4384 101 4446 si
131 4382 258 4463 placet
281 4382 342 4444 sub
367 4378 476 4445 MHN
498 4377 533 4442 S.
563 4377 590 4440 l.
613 4376 697 4439 med.
720 4373 875 4440 Ceterum
902 4372 1099 4456 Hoogeveen
1121 4374 1162 4437 de
1187 4373 1233 4437 ὅτι

63 4467 235 4530 eandem
261 4467 435 4541 rationem,
457 4485 558 4552 quarn
585 4483 658 4538 uus,
680 4465 839 4546 sequitur,
861 4480 961 4550 quam
975 4469 1007 4526 et
1031 4459 1119 4526 clare
1143 4479 1233 4528 com·

58 4554 420 4638 ruodequeeaplicat.
