3117 5175
364 341 370 351 ’
474 395 523 460 nv
542 391 698 462 numen
717 396 888 466 cincus.
958 381 962 390 '
1186 388 1248 470 las

111 571 223 644 οἶκτοιῗι,
245 569 296 636 οὖν
320 567 376 643 slei,
399 569 467 632 ἀλλ’
492 565 598 632 ἄλλοτ’
623 569 651 633 ἓν
674 569 779 635 πόντου
801 569 907 660 sapt
928 567 1064 646 Quodsi
1079 569 1240 659 sapimus,

110 658 288 722 fatebimur
319 657 403 719 nibil
436 675 507 720 esse
534 657 704 730 omissum,
738 659 797 722 sed
830 659 1037 744 Polydorum,
1065 667 1241 744 postquam

109 745 260 808 universe
278 743 408 808 dixerat
428 761 463 806 aa
486 743 669 824 projectum
691 761 763 808 esse
788 747 822 808 in
844 746 966 820 littore,
988 737 1171 810 accuratius
1186 747 1241 815 tle-

106 829 285 895 scribendas
307 831 354 894 rei
375 847 490 893 caussa
514 829 631 892 deinde
661 831 804 912 adjicere
834 829 938 894 ἄλλοτ’
969 835 1125 896 ἐνοόντοο
1147 835 1239 922 σάλῳ.

105 913 222 1065 fleque
238 919 306 981 ulla
320 921 371 980 est
384 917 510 997 lingua,
530 917 613 997 quin
638 917 752 980 eodem
774 917 872 981 modo
893 917 963 983 haec
983 917 1160 984 enunciare
1187 936 1240 984 so·

118 1007 183 1066 eat.
481 1053 482 1058 ,
1237 1029 1242 1035 ·

147 1087 226 1154 Non
240 1084 377 1154 meliora
391 1091 480 1160 sunt,
492 1105 566 1169 qum
575 1086 617 1150 de
631 1085 809 1154 omissione
819 1089 991 1172 particule
1004 1087 1037 1154 ἃν
1050 1089 1241 1168 traduntur,

104 1179 253 1259 exparte
270 1177 340 1258 jam
363 1192 384 1237 a
405 1171 583 1237 Schaefero
597 1179 726 1250 notata,
749 1174 849 1258 quem
863 1175 996 1256 quidem
1018 1175 1072 1240 hlc
1096 1179 1242 1244 maxims

103 1279 312 1344 speraveram
328 1261 433 1324 multa
448 1280 467 1324 e
481 1261 637 1324 doctrinas
661 1279 728 1326 suae
749 1263 917 1326 thesauris
942 1263 1143 1348 largituram
1157 1274 1251 1328 esse.¹
1299 1336 1303 1342 ,

101 1345 263 1428 Equidem
289 1349 372 1412 satis
400 1347 505 1410 babeo
533 1347 676 1411 breviter
696 1345 871 1424 indicasse,
894 1351 983 1432 quod
1007 1348 1164 1431 longioris
1189 1357 1241 1416 est

102 1436 349 1518 disputationis,
372 1433 570 1516 particulam
594 1431 627 1495 ἂν
650 1435 692 1496 ab
707 1437 853 1516 antiquis
875 1436 923 1499 sic
945 1453 1016 1499 esse
1030 1443 1240 1520 usurpatam,⁴

101 1525 141 1584 ut
156 1519 240 1586 nihil
265 1521 306 1584 ad
325 1519 413 1583 verbi
434 1517 567 1582 modum
592 1520 782 1602 pertineret
828 1519 937 1595 Quare
952 1521 1057 1586 sicubi
1072 1523 1239 1607 optativus

100 1608 155 1670 vel
171 1607 398 1688 conjunctivus
410 1609 461 1670 vel
481 1607 582 1669 etiam
606 1605 804 1670 indicativus
824 1608 993 1673 invenitur
1013 1629 1055 1673 es
1075 1607 1240 1694 particula

101 1691 290 1776 destitutus,
318 1693 367 1756 ita
381 1701 430 1758 est
451 1691 720 1766 existimandum,
746 1694 832 1758 banc
851 1695 1049 1779 particulam
1074 1715 1141 1760 non
1167 1694 1242 1762 esse¹

99 1779 262 1852 additam,
277 1799 342 1843 non
357 1777 471 1852 etiam,
486 1779 643 1842 omissam
658 1797 742 1842 esse.

147 1863 258 1930 Multo
284 1867 379 1949 pejus
406 1863 453 1926 tols
478 1865 579 1928 etiam
605 1883 679 1928 oum
703 1865 887 1930 soloecismo
906 1866 1159 1950 intelligendum
1177 1887 1239 1954 pus

99 1953 188 2016 tavit
201 1952 437 2033 Soboetgenius
452 1951 486 2014 ln
501 1950 689 2031 hujusmodi
703 1953 885 2035 exemplis:
908 1947 1006 2019 δοῦλοι
1029 1953 1170 2024 ἐκλήθην·
1193 1951 1241 2028 μοι’

101 2065 144 2101 σοι
159 2041 292 2112 μελέτας
322 2035 427 2103 lCor.
445 2037 500 2100 vil.
520 2033 574 2100 21.
596 2037 654 2100 ubi
676 2045 764 2102 recte
787 2039 921 2121 quidem
945 2047 1060 2105 monet
1084 2041 1309 2114 schesis-180

100 2141 175 2198 rus,
199 2143 264 2189 non
284 2139 368 2209 opus
382 2143 453 2187 esse
466 2121 588 2206 ellipsi‚
612 2125 640 2187 si
665 2125 775 2206 priora
798 2126 899 2188 verba
920 2145 989 2212 per:
1005 2129 1238 2211 interrogatio·

100 2229 181 2294 nem
197 2211 285 2275 dicta
299 2212 525 2294 accipiantur:
549 2209 605 2272 secl
627 2229 667 2273 ne
693 2212 754 2275 hoc
775 2211 911 2292 quidem
932 2230 1064 2277 necesse
1078 2221 1138 2292 est,
1160 2215 1240 2294 qula
1356 2278 1358 2285 ,

98 2299 206 2361 etiam
227 2315 331 2379 quum
348 2300 420 2360 sine
435 2297 693 2377 interrogatione
706 2297 931 2380 proferuntur,
951 2301 1064 2361 statim
1086 2307 1239 2383 apparet,

98 2403 175 2446 rem
201 2387 287 2448 sumi
310 2381 537 2447 tantummodo
558 2387 596 2444 ut
619 2387 738 2456 actam,
762 2401 828 2445 non
849 2390 887 2447 ut
909 2401 1035 2447 revera
1057 2391 1166 2450 actam
1188 2405 1239 2449 re·

99 2471 198 2536 terri.
255 2471 366 2552 Atque
382 2469 436 2533 hic
461 2485 591 2550 quoque
616 2485 696 2530 usus
722 2469 906 2535 communis
933 2473 984 2534 est
1004 2471 1152 2535 omnium
1176 2471 1239 2536 lin-

146 2573 254 2625 arum.

96 2575 198 2707 guOb
223 2644 324 2710 aliam
348 2657 499 2706 caussam
524 2660 543 2703 e
569 2655 706 2705 numero
740 2640 907 2724 ellipsinm
944 2643 1153 2715 eximendum
1186 2646 1238 2710 est

96 2732 177 2804 hoc,
199 2732 267 2805 νονο
281 2730 405 2803 svium,
427 2726 485 2789 nbi
500 2728 593 2801 ἕννιον
614 2746 679 2789 non
700 2744 761 2809 per
775 2728 923 2811 ellipsin,
945 2730 1002 2793 sed
1025 2748 1085 2815 per
1107 2730 1237 2815 aposio-

94 2818 198 2903 pesin
213 2816 400 2879 omittitur:
422 2812 509 2893 quod
530 2813 685 2893 frequens
709 2832 781 2877 esse
799 2812 835 2877 in
848 2812 1032 2898 proverbiis
1054 2835 1155 2901 supra
1180 2818 1260 2898 ob·-⁴

93 2919 316 2967 servarimus.

143 2988 264 3070 Neque
279 2985 347 3051 ulla
362 2990 413 3049 est
427 2984 597 3069 particulae
611 2984 661 3049 ἕως
674 2986 801 3069 ellipsis
816 2986 926 3071 inhoc
940 2985 1103 3072 exemplo,
1124 2988 1237 3063 μείναν-

93 3100 146 3139 τες
162 3072 309 3149 αόιολῆξαι
324 3072 358 3135 τὸ
372 3070 530 3144 κλυδώνιον,
552 3072 633 3152 quia
648 3073 830 3137 infinitivus
844 3075 934 3139 solun
948 3093 1007 3159 per
1021 3093 1056 3137 se
1073 3074 1236 3157 significat

91 3170 132 3225 ut
147 3154 280 3247 aliquid
287 3156 363 3245 siat,
386 3156 473 3241 quod
488 3158 546 3221 ubi
561 3158 601 3221 de
615 3158 836 3241 exspectando
850 3178 957 3224 sermo
972 3166 1034 3236 est,
1048 3168 1164 3245 sponte
1178 3167 1238 3247 api

90 3256 197 3333 paret
210 3241 416 3311 tantumdem
431 3262 502 3307 esse
513 3264 551 3308 ac
565 3240 666 3309 donec
679 3240 806 3330 aliquid
819 3242 896 3329 fiat.

138 3332 344 3419 speciosior,
368 3350 427 3394 nec
447 3337 559 3394 tamen
575 3326 653 3393 'vera
671 3332 798 3414 ellipsis
821 3340 869 3397 est
890 3330 1059 3417 particula
1080 3332 1114 3407 ἢ,
1135 3338 1175 3397 ut
1199 3336 1236 3399 in

93 3418 174 3483 his:
201 3425 233 3482 οὐ
254 3420 343 3483 πλέον
373 3420 425 3484 τῆς
451 3420 566 3480 πόλεως
592 3414 723 3480 σταδίους
747 3422 899 3501 ἀπέχοντα
928 3422 1014 3484 ἑπτά·
1041 3421 1093 3485 ἐ’τνι
1112 3419 1236 3495 'reposcis

90 3509 196 3570 ανλείον
222 3500 429 3579 ἑβδομήκοντα.
474 3500 519 3565 At
542 3502 595 3567 bic
610 3506 738 3567 tantum
753 3506 849 3569 abest
860 3512 898 3569 ut
912 3506 932 3574 ἢ
947 3507 1104 3569 omissum
1119 3506 1175 3579 sit,
1196 3512 1235 3571 ut

91 3590 207 3675 magis
237 3590 406 3676 praegressi
444 3590 586 3654 nominis
618 3588 793 3676 genitivus
812 3598 923 3656 mente
954 3592 1057 3675 repeti
1091 3590 1235 3656 debeatt

91 3679 232 3743 σταδίους
246 3680 397 3757 ἀντέχοντα
412 3678 444 3738 οὗ
458 3679 547 3739 πλέον
573 3676 652 3740 ἐνετοὶ
672 3674 802 3739 σταδίων·
825 3676 878 3743 ἐ’τνι
901 3678 1022 3752 ‘retroactis
1043 3680 1138 3741 πλείω
1153 3676 1236 3757 ἑβδο-Ἰ

89 3768 233 3841 μήκοντα
249 3766 330 3825 ἐτῶν.
375 3758 493 3845 Neque
509 3763 542 3825 in
560 3762 617 3827 illo
630 3760 757 3845 ellipsis
772 3769 834 3837 est,
850 3766 979 3826 ἐλείπετο
994 3762 1069 3827 οὐδὲν
1084 3766 1127 3828 ἔτι
1140 3765 1233 3830 ateis

90 3847 276 3933 φονεύεσθαι,
299 3848 380 3931 quia
403 3850 491 3913 solus
515 3867 576 3932 per
589 3868 624 3911 se
640 3848 823 3914 infinitivus
843 3850 1007 3930 significat
1033 3845 1077 3914 od
1096 3870 1233 3939 pereum

89 3936 185 4001 dum.
233 3934 356 4000 Parum
370 3929 481 3999 differt
503 3938 546 3999 ab
572 3936 633 3998 hoc
659 3934 731 3998 loco
756 3936 797 4007 ls,
818 3954 914 4019 quem
938 3954 980 4018 ex
992 3930 1162 4021 Euripidis
1176 3936 1233 3999 Al-

89 4022 223 4087 cestide
247 4042 279 4087 v.
305 4018 377 4085 896.
402 4020 516 4087 attulit
541 4020 757 4086 Schaeferus:
779 4017 821 4085 Τι’
841 4023 897 4109 γὰρ
918 4014 994 4109 elligi
1015 4024 1100 4086 καλὸν
1120 4022 1231 4109 μεῖζον,
1241 4030 1299 4098 181

88 4110 239 4193 ἁμαρτεῖν
260 4108 379 4176 Πιοτῆι
399 4108 532 4193 ολόχοο;
555 4106 595 4173 ln
619 4126 686 4195 quo
712 4110 783 4173 loco
804 4127 904 4191 quum
925 4117 1011 4175 recte
1024 4110 1156 4193 ellipsin
1171 4110 1232 4171 lm-

89 4194 259 4279 probaret
273 4192 482 4269 Sabaeiems,
498 4214 563 4259 non
575 4194 715 4261 debebat
730 4200 842 4261 tamen
858 4198 909 4268 ita
920 4216 995 4261 eum
1008 4194 1230 4260 colistituere:

80 4280 261 4357 Ἔμνιισας,
283 4282 297 4344 i
315 4306 372 4357 μου
387 4284 486 4368 φρένας
501 4280 638 4361 duacen,
649 4272 702 4365 (T
702 4284 714 4345 ι’
725 4282 783 4369 vaip
798 4278 873 4369 ἀνδρὶ
887 4283 972 4352 κακὸν
985 4279 1082 4363 μεῖζον
1097 4282 1122 4366 ς)
1137 4282 1233 4366 αἱμορ-
1343 4305 1345 4309 ’

88 4374 153 4433 νεῖν
184 4366 301 4437 liveris
328 4370 453 4450 ἀλόχου.
506 4367 582 4437 Quo
604 4366 700 4431 modo
721 4372 779 4451 qui
802 4371 957 4455 loquutus
978 4368 1035 4441 sit,
1057 4386 1170 4433 vereor
1195 4370 1234 4432 ut

88 4454 273 4539 quisquam
289 4456 426 4541 reperiri
446 4459 559 4539 queat.
602 4448 766 4539 Expedita
789 4454 1004 4529 sumamma,
1027 4454 1055 4520 si
1070 4457 1117 4520 slc
1131 4456 1232 4518 inter-

85 4559 247 4629 pungas:
269 4536 312 4605 Τι’
332 4542 388 4627 γὰρ
411 4540 488 4628 ἅνδρῖ
509 4540 593 4609 κακὸν
615 4540 711 4627 μεῖζον
731 4546 882 4631 ἁμαρτεῖν,
904 4538 1020 4611 Πιατῆς
1039 4545 1233 4625 ἅλὸχονςύἰ

87 4630 205 4699 morte
225 4630 340 4715 ἀλόχου
362 4646 428 4703 ιιοιι
448 4648 491 4700 ex
512 4632 664 4717 ἁμαρτεῖν,
686 4630 744 4703 ved
756 4650 776 4701 e
789 4632 1015 4718 comparativo
1035 4628 1132 4715 μεῖζον
1151 4644 1234 4720 pen-
