3117 5175
342 345 412 416 495
664 366 815 422 murus
828 364 988 422 summu
1004 364 1133 424 voum.

341 521 388 587 ad
398 517 665 590 constituendam
676 519 810 604 plenius
820 521 1006 586 orationem
1021 520 1156 586 addatur
1175 539 1285 594 numne
1298 535 1339 596 ιιι
1355 535 1402 600 q,

341 610 508 682 συντεμόντι
530 608 610 693 λόγῳ
636 609 737 673 εἰπεῖν.
779 603 998 672 Luculentum
1026 609 1156 692 integrm
1168 615 1305 678 ordilonis
1320 617 1348 681 in
1364 619 1403 686 hu

339 695 497 778 loquendi
511 693 669 769 formula,
684 693 860 759 dummodo
882 697 920 760 ὧν
943 694 995 756 vel
1021 694 1093 758 ὥστε
1117 695 1251 772 addatur,
1268 705 1403 786 exemplum

339 783 491 862 suggerit
514 779 701 846 Herodotus
724 781 783 845 lib.
807 781 856 845 iii.
883 802 911 845 c.
932 779 997 844 82.
1017 775 1082 842 ‘Eri
1101 779 1129 844 il
1151 782 1211 845 ἓνεῖ
1227 787 1312 850 eiuro
1331 801 1404 854 ιιιιι.

340 869 433 942 βὸντιι
446 869 544 930 εἰπεῖν.
585 867 644 932 Sic
663 867 767 932 etiam
782 869 819 930 in
844 867 1000 950 elliptieis
1020 867 1269 932 locutionibusrl
1286 873 1405 948 nuche

339 953 418 1026 ὅλον,
439 951 474 1015 τὶ
500 953 667 1036 κεφάλαιον,
700 953 849 1037 suppleri
875 952 974 1018 debet
1006 953 1080 1016 ὥστε
1098 953 1132 1015 τὸ
1150 953 1245 1034 λοιπὸν,
1263 956 1292 1020 ri
1312 959 1404 1032 itanu

340 1040 494 1120 κεφάλαιον
517 1044 615 1106 εἰπεῖν.
657 1037 697 1104 In
712 1037 874 1123 ejusmodi
890 1039 1055 1114 formulis,
1082 1037 1256 1106 urceorum
1268 1061 1350 1114 more,
1365 1042 1404 1108 lo

338 1125 403 1191 tini
432 1143 563 1208 quoque
584 1131 772 1190 ἐλλειντινῦι
793 1126 885 1208 loqui
915 1131 1041 1190 amant.
1097 1123 1152 1191 Sic
1176 1123 1252 1191 Catu
1273 1129 1308 1192 de
1329 1125 1403 1194 ltu

336 1213 521 1278 cclviii.
548 1210 619 1279 Uno
641 1211 745 1287 verbo,
773 1209 882 1276 omrra‘o
901 1229 984 1276 sono
999 1208 1120 1298 societ.
1140 1232 1198 1296 pro
1220 1231 1278 1294 quo
1294 1215 1369 1278 aliast
1384 1227 1404 1278 u

334 1317 401 1363 uno
414 1297 507 1365 verbo
522 1297 649 1365 dicam:
669 1301 734 1374 vel,
747 1306 788 1364 ut
800 1298 937 1363 Plautus
949 1295 1036 1362 Rud.
1050 1303 1116 1363 set.
1129 1299 1176 1362 iii.
1189 1317 1230 1363 se.
1245 1300 1276 1363 ii.
1287 1299 1330 1364 39.
1364 1297 1405 1364 Uro

336 1383 431 1450 cerdo
450 1383 618 1451 ιὺιοὶυιιννι.
661 1385 811 1452 flurium
824 1386 928 1450 etiam
951 1403 1070 1449 vocum
1092 1385 1213 1470 ellipsis
1227 1392 1273 1450 est
1293 1385 1323 1450 in
1341 1389 1406 1450 ruiis

336 1471 507 1538 salutandi
525 1473 679 1539 formulis
700 1473 790 1557 apud
814 1479 940 1536 veteres
960 1471 1105 1545 usitatis,
1131 1473 1245 1558 χαίρειν,
1258 1469 1284 1534 ri
1301 1473 1404 1554 opirrrr,

340 1555 373 1620 sii
392 1557 508 1634 διάγειν,
530 1561 673 1634 ὑγιαίνειν,
703 1561 746 1624 de
769 1559 893 1640 quibus
920 1558 1026 1622 videri
1050 1564 1186 1642 possunt
1208 1555 1299 1621 schol.
1320 1555 1405 1620 (incl

338 1643 572 1730 Aristophanis
595 1645 683 1710 Nub.
710 1665 779 1710 ver.
803 1642 876 1710 609.
922 1642 1090 1708 Nimirum
1112 1643 1272 1707 subaudiri
1290 1645 1403 1726 potestis

339 1731 396 1806 ils,
410 1736 445 1796 et
464 1750 584 1796 nomen
602 1730 780 1808 scribentis,
802 1737 837 1796 et
860 1725 952 1794 iuius
972 1727 1017 1792 od
1035 1748 1129 1814 queem
1152 1726 1303 1800 raionurr
1319 1727 1405 1791 ulrico

336 1818 472 1899 integra
483 1819 592 1882 oratio
614 1819 683 1883 hace
705 1821 803 1894 foret,
829 1835 859 1880 e.
873 1835 907 1896 g.
927 1809 1050 1899 Τρύφων
1069 1811 1161 1878 Θέων
1180 1817 1252 1888 λέγει
1271 1815 1313 1878 rel
1330 1813 1405 1894 εὗχιιιι

337 1907 462 1988 χαίρειν.
505 1901 629 1968 Eadem
643 1922 719 1967 vero
742 1904 831 1967 ratio
845 1908 898 1966 est
911 1902 1015 1964 etiam
1036 1899 1072 1963 in
1098 1901 1156 1964 illa
1174 1896 1350 1965 valedicendi
1367 1900 1405 1962 tor·

340 1991 444 2064 mula,
471 1991 607 2074 ῥωννύειι,
638 1990 855 2073 ἅπρεμφάτινς
885 1988 1006 2072 posita.
1067 1985 1169 2052 Plene
1194 1989 1276 2052 enim
1297 1986 1406 2050 dicerctn

338 2069 462 2159 Τρύφων
475 2073 570 2138 Θέοινι
583 2079 662 2150 λέγει
682 2077 733 2139 vel
750 2077 870 2157 εὔχεται
892 2077 1023 2160 ῥωννὺειν.
1045 2076 1115 2139 vid.
1129 2074 1311 2158 Apollonius
1322 2069 1405 2153 ΒΜ

338 2159 381 2222 de
404 2158 500 2242 Synt.
522 2161 648 2225 libili.
671 2181 706 2246 p.
719 2159 794 2226 232.
809 2180 879 2243 sqq.
923 2157 1059 2244 Regnat
1081 2163 1117 2226 in
1141 2162 1253 2246 primis
1271 2157 1406 2242 Ellipsisio

338 2243 540 2321 Proverbiis,
553 2265 626 2328 quoe
638 2247 668 2310 si
685 2248 816 2329 integra
828 2247 1042 2321 referrentur,
1052 2245 1406 2322 omncm'amittereutgra·

338 2334 423 2397 tiam
446 2351 468 2396 a
506 2352 548 2397 ue
565 2339 781 2397 venustatem.
824 2329 863 2396 E.
888 2352 923 2414 g.
941 2331 1004 2398 Ὗς
1027 2333 1083 2400 riv
1096 2331 1233 2400 Ἀθηνᾶν.
1277 2329 1327 2394 'Ea
1341 2328 1408 2391 νιιιὶι

308 2441 315 2456 ·
339 2416 439 2494 ξύλου.
518 2415 573 2482 ἶνις
600 2419 649 2481 καὶ
671 2417 808 2486 ἀλήθεια.
832 2419 873 2483 de
897 2419 1020 2504 quibus
1044 2421 1185 2501 aliisque
1202 2438 1294 2501 quam
1306 2415 1407 2500 piurimis

340 2505 416 2568 vide
436 2504 473 2569 in
491 2503 679 2570 Proverbiis
700 2503 890 2572 Grrecorum
912 2525 934 2570 o
957 2503 1097 2572 Schotto
1125 2507 1222 2570 editis
1245 2503 1370 2585 Autverp.
1384 2499 1407 2560 l·

344 2590 436 2657 1612.
458 2590 492 2657 4.
536 2592 701 2658 Praeterea
719 2594 937 2677 perfrequens
959 2598 1010 2657 est
1031 2590 1167 2679 Ellipsis
1190 2594 1319 2677 plurium
1336 2603 1406 2651 ιαιι
1458 2620 1459 2631 ι

341 2679 377 2743 in
400 2681 459 2744 illa
473 2682 665 2764 βραχυλογίᾳ
691 2679 861 2766 Λακωνικῇ,
883 2699 951 2763 quo
972 2677 1119 2745 lacones
1142 2700 1211 2765 prae
1237 2680 1306 2743 uliis
1323 2672 1408 2738 Gratis

337 2766 472 2914 populis
486 2768 633 2846 insignes
646 2766 794 2842 fuerunt,
810 2768 968 2849 cujusque
987 2763 1186 2832 Plutarchus
1210 2768 1242 2829 in
1264 2763 1408 2845 Lycurgus
1443 2810 1448 2821 .

367 2852 520 2934 ysandro,
549 2850 647 2919 Plato
679 2854 714 2917 in
739 2851 923 2935 Protagora
949 2852 1075 2935 aliique
1108 2854 1323 2917 meminerunt
1363 2840 1408 2907 Nu

337 2940 428 3003 enim
443 2940 550 3004 solum
572 2941 607 3004 in
629 2940 704 3003 vita
723 2942 890 3005 communi
916 2942 1030 3005 breves
1055 2946 1153 3023 atque
1174 2937 1290 3003 concisi
1311 2936 1409 3028 suenni,

338 3044 370 3087 e.
385 3046 417 3105 g.
431 3022 482 3089 *H
505 3026 572 3099 τὰν,
595 3026 617 3095 ἢ
641 3024 689 3089 ἐπὶ
710 3031 779 3101 τᾶς,
799 3045 872 3107 quae
896 3026 997 3091 verba
1020 3030 1145 3091 matres
1166 3024 1304 3090 iacens
1321 3020 1408 3083 illisu

337 3110 462 3175 bellum
487 3112 771 3194 proficiscentibus
791 3114 975 3179 adclamare
997 3114 1171 3178 solebant:
1193 3113 1257 3177 vid.
1278 3129 1307 3173 r.
1325 3104 1409 3202 'Arsit

336 3197 395 3261 sed
414 3200 517 3262 etiam
531 3200 566 3261 in
581 3199 876 3283 epistolisquoque
898 3206 932 3263 et
954 3201 1112 3283 privatim
1135 3206 1170 3264 et
1189 3198 1310 3283 publice
1324 3196 1410 3269 nuptu

336 3284 430 3347 mirae
463 3284 621 3349 brevitati
653 3286 873 3356 studueruntr
907 3291 945 3350 ut
969 3287 1071 3349 variis
1097 3286 1255 3369 exemplis
1275 3274 1410 3370 comprolul

336 3365 539 3433 Scholiastes
554 3368 691 3436 Graecus
714 3369 835 3436 Dionis
860 3370 1084 3454 chrysostomi
1102 3368 1252 3435 adorat.
1266 3370 1332 3432 lxiv.
1364 3358 1410 3461 lif·

335 3455 380 3518 tis
393 3456 482 3520 enim
495 3458 538 3520 ad
551 3455 693 3522 Plataeas
708 3453 828 3537 Persis,
844 3461 893 3523 ita
907 3458 1063 3543 Spartam
1076 3460 1292 3543 scripserunt:
1310 3446 1353 3514 Tri
1362 3442 1411 3527 Ην·

336 3566 384 3604 σαι
408 3540 574 3607 δοιλεύιντι.
632 3540 716 3606 Cum
741 3544 830 3609 bello
855 3543 1135 3628 Peloponnesiaco
1167 3530 1411 3609 Atheniensis

335 3627 505 3703 vicissent,
526 3630 739 3713 Athenasque
764 3631 799 3697 in
819 3636 1015 3715 potestatem
1037 3632 1262 3715 redegissent:
1279 3622 1411 3717 ‘Ecbwjq

336 3712 387 3775 rai
409 3713 546 3783 Ἀθῆναι.
599 3716 651 3782 Ad
676 3718 853 3800 quemdam
881 3718 1099 3783 insultantem
1123 3720 1227 3803 ipsis:
1260 3714 1371 3779 morici
1393 3726 1411 3759 ὓ

338 3796 483 3886 Κορίνθῳ.
526 3800 661 3869 Socrate
690 3806 726 3869 in
745 3824 909 3869 carcerem
935 3807 1098 3887 conjecto,
1122 3792 1413 3876 amicis2seribcbui²

336 3882 496 3971 Σωνειίτιις
516 3888 724 3958 κατεδικάσθη.
767 3888 881 3975 Ejecto
904 3892 938 3955 in
962 3892 1099 3956 exilium
1123 3882 1347 3975 Xenophonte:
1362 3878 1416 3939 5⁰*

210 3982 240 4059 Ι.
335 3977 395 4051 φῶ
414 3972 609 4054 ὲφᾞαδεύθνι.
662 3976 885 4043 Αείἰιιειιῐῐιε
914 3976 1074 4063 Φερεκύδης
1095 3977 1227 4043 τέθνηκε.
1267 3970 1346 4037 Adde
1366 3959 1414 4056 Plu·

334 4059 487 4123 tarohum
510 4062 545 4124 in
569 4062 913 4148 Apophthegmatibus
933 4062 1104 4129 Laconicis
1118 4072 1155 4131 et
1179 4059 1345 4129 Meursium
1363 4042 1416 4143 iili

334 4144 450 4209 cellau.
468 4144 591 4213 Iseon.
607 4152 666 4214 lib.
682 4152 733 4215 iii.
756 4172 786 4215 c.
802 4152 831 4214 3.
848 4159 882 4216 ct
895 4148 929 4215 4.
954 4151 1008 4233 [it.
1029 4149 1227 4217 Valckenar.
1249 4140 1378 4210 Adrout
1392 4146 1413 4189 ¹¹¹

334 4229 499 4299 Adoniaz.
520 4233 688 4300 Theocriti
739 4282 747 4299 .
770 4236 845 4303 257.
866 4225 937 4321 sqq.
959 4236 1128 4321 Sensus]
1164 4236 1216 4300 Ad
1237 4228 1360 4313 Euipsin
1375 4234 1415 4279 nr-

334 4320 402 4384 rito
420 4323 522 4385 ctiam
543 4323 695 4387 referunt
713 4258 881 4389 iihetores
902 4343 1007 4406 genus
1030 4322 1113 4387 illud
1140 4321 1343 4409 βραχυλογίαν,
1359 4298 1414 4387 quod

333 4405 559 4471 dvavrasllorov
585 4414 731 4484 vocatur,
763 4412 801 4474 in
828 4430 895 4492 quo
927 4412 1084 4475 nimirum
1111 4408 1256 4491 Asticus,
1283 4422 1334 4469 seu
1353 4406 1415 4459 iffi

334 4486 431 4553 brum
460 4494 555 4572 iliud,
583 4497 672 4580 quod
701 4498 805 4580 priori
834 4498 1042 4583 respondeat,
1070 4498 1244 4562 reticetur.-
1294 4488 1343 4551 Sic
1366 4476 1414 4541 11¹²

333 4572 408 4643 ¹ffi·
423 4575 456 4643 9·
508 4578 577 4665 inr
589 4584 644 4661 μὲν
657 4582 767 4672 ποιήσῃ
779 4586 897 4673 ιιιιρνόν·
913 4587 937 4651 εἰ
954 4584 983 4651 δὲ
995 4584 1088 4663 strips,
1103 4584 1145 4651 sis
1156 4582 1192 4649 ri
1205 4584 1306 4661 μέλλον
1326 4562 1413 4637 inii&
