3117 5175
331 390 396 457 268
731 401 1071 457 metanomiam.

335 560 532 627 subauditur
561 558 651 646 σάρξε
701 560 747 625 ui
785 558 889 623 etiam
918 554 1003 619 Biana
1039 563 1090 622 est
1112 558 1199 641 apud
1232 558 1426 632 Alexandrum

335 648 513 731 Aphrodis.
538 665 712 731 suppressa
730 666 759 708 v.
787 649 867 729 κρέα.
922 640 1041 708 coam
1066 642 1195 707 haam.
1244 645 1314 711 Vid.
1341 647 1426 716 llam.

336 735 496 816 Stephani
513 733 612 799 Thes.
632 732 692 813 Gr.
707 728 739 795 L.
754 752 790 815 p.
811 729 886 795 779.
929 726 1053 793 Eadem
1067 726 1328 813 Filipsisridetur
1339 738 1427 802 loom

336 822 458 886 habere
468 822 556 904 apud
572 818 769 885 Clementem
792 817 968 882 Alexandr.
993 815 1149 880 Stromat.
1177 815 1233 879 lib.
1257 820 1426 903 vitant

333 905 416 981 Ἐγὼ
439 907 481 979 ’γᾶ
520 912 571 970 οὐκ
586 904 673 969 ἐσθίω
694 910 824 981 γλυκεῖαν
849 902 912 966 οὐδὲ
934 929 981 975 μη
998 905 1053 966 ίαν.
1076 924 1104 966 s.
1128 904 1226 987 σάρκα.
1268 902 1349 989 [Hoc
1371 908 1428 972 looo

336 994 453 1057 vellem
525 993 705 1056 hwebelius
727 990 947 1083 abstinuisset.
970 930 1140 1085 gausum]
1183 988 1236 1053 Sic
1256 992 1336 1074 apud
1356 990 1429 1058 lati.

338 1100 397 1144 nos
425 1098 557 1161 quoque
582 1079 616 1143 iu
641 1074 765 1149 habau,
790 1074 908 1163 serina
929 1092 1067 1159 agnano,
1094 1080 1156 1138 aet.
1176 1076 1320 1141 absolute
1331 1081 1429 1163 positia

338 1186 412 1231 coro
427 1166 631 1231 subauditur.
675 1161 716 1227 V.
735 1162 874 1227 Vossius
902 1161 944 1225 de
968 1160 1156 1226 Construot.
1178 1180 1251 1246 cap.
1273 1165 1314 1227 ei.
1336 1184 1367 1247 p.
1388 1164 1428 1228 ΙΙ.

337 1253 499 1317 Scuwaa.
1411 1266 1417 1283 ·
1495 1261 1496 1292 Ι

655 1361 879 1439 ΣΕΑΥΊὉΝ,
908 1349 964 1429 TE
983 1360 1145 1429 IPSUM.

381 1477 565 1544 Pronomen
578 1477 640 1541 hoo
654 1476 797 1555 intellige
811 1474 847 1537 in
863 1475 1089 1559 imperativis·
1111 1474 1220 1551 ἄπαγε,
1232 1474 1431 1551 obduratam,
1495 1489 1496 1494 ’

336 1566 466 1638 subduc,
480 1585 554 1647 quae
569 1565 654 1627 male
676 1581 696 1625 a
716 1563 941 1627 Grammaticis
957 1565 992 1625 iu
1006 1563 1166 1629 adverbia
1189 1569 1266 1628 sunt
1285 1564 1432 1626 translata.

339 1653 513 1737 Reperitur
535 1651 622 1732 apud
649 1648 898 1731 Aristophanem
926 1648 1022 1731 plene
1043 1651 1188 1712 dictum:
1205 1648 1324 1723 ’Ἄπαγε
1337 1648 1432 1711 σεαυτὸν

337 1742 369 1803 ἐκ
381 1739 488 1885 solip,
511 1736 597 1817 quod
613 1732 746 1800 Plautus
756 1735 908 1801 imitatus
921 1735 1024 1800 dixit:
1048 1734 1205 1821 Apagete
1217 1757 1239 1799 a
1251 1756 1310 1810 nae,
1328 1734 1361 1799 iu
1373 1734 1433 1797 Au

362 1827 440 1889 hitr.
479 1831 523 1888 ct.
539 1824 575 1886 ii.
903 1830 908 1837 '

336 1847 400 1952 p*
423 1912 478 1974 Sic
506 1908 593 1994 apud
616 1904 820 1973 Theocritum
835 1905 929 1988 Idyll.
956 1908 980 1971 i.
1006 1907 1057 1972 62.
1080 1907 1216 1983 Πότωῑ,
1241 1904 1373 1983 d'pabe'.
1388 1906 1434 1971 ubi

299 1986 302 1997 ’
336 2000 437 2061 schol.
453 1996 515 2060 Gr.
530 1996 699 2080 προσάγαγε
715 1996 831 2057 ωαντὸν.
875 1990 960 2057 Item
984 1995 1017 2058 in
1044 1996 1309 2078 proverbialibus
1330 1994 1434 2057 illisio

335 2084 538 2155 cutionibuS,
562 2079 656 2144 Boe'AA'
674 2084 712 2145 sis
729 2082 860 2164 ιόρακας,
893 2079 989 2144 Βάλλ’
1005 2079 1189 2166 εἰς’όλεὸρον,
1215 2079 1270 2146 aba·
1289 2078 1325 2143 ὑὶ
1341 2078 1435 2143 malint

335 2190 413 2241 rem,
437 2186 614 2253 suppressa
627 2173 679 2231 est
699 2186 754 2231 rix
770 2169 896 2231 σεαυτόν.
939 2166 1017 2231 Vld.
1042 2166 1185 2233 Zenobii
1203 2166 1350 2232 Proverb.
1369 2164 1434 2228 Cen·

336 2264 401 2320 tur.
416 2258 451 2319 ii.
469 2277 503 2340 p.
519 2254 572 2319 48.
604 2252 727 2317 Eadem
737 2255 796 2317 bac
809 2254 917 2337 ellipsi
932 2255 1053 2337 sapius
1067 2261 1209 2319 otiantur
1222 2256 1320 2318 etiam
1334 2250 1435 2315 latini.

335 2341 507 2407 Terentius
523 2341 667 2424 Adelph.
683 2340 753 2413 Aa&
766 2360 798 2402 v.
824 2338 876 2402 So.
900 2341 971 2408 viii.
997 2361 1065 2405 ver.
1096 2340 1146 2405 14
1174 2339 1319 2406 lasona?
1340 2336 1436 2419 oasa:

335 2429 393 2493 ubi
411 2428 581 2493 Donatus:
603 2448 662 2513 pro
679 2424 945 2513 copiosissimi,
967 2428 1069 2505 ussit,
1090 2426 1189 2515 safer
1201 2437 1243 2493 te.
1285 2426 1338 2491 Sic
1350 2414 1437 2505 Virgi-

335 2518 401 2580 lius
416 2508 491 2603 AEn.
506 2516 562 2577 lib.
581 2515 613 2577 ii.
632 2513 705 2577 672.
719 2532 910 2599 --maqroe
932 2522 1025 2594 astra
1050 2524 1132 2579 tecta
1148 2513 1305 2602 ferebam.
1346 2508 1438 2573 Cicero
1495 2531 1496 2540 ¹

336 2605 377 2666 ad
395 2601 524 2666 Divers.
540 2603 599 2666 lib.
617 2621 647 2664 v.
662 2622 714 2684 ep.
733 2601 777 2666 10.
800 2598 917 2685 Apage
940 2609 970 2665 te
986 2621 1059 2666 cum
1076 2611 1186 2666 nostro
1203 2601 1299 2666 Sesto
1312 2596 1437 2664 Seruilio.
1495 2625 1497 2657 ε

335 2688 497 2752 Scswaa.
541 2683 687 2751 Omnino
712 2689 767 2750 hoc
789 2707 983 2770 pronomen,
1006 2695 1043 2752 ut
1062 2697 1175 2754 cetera
1200 2687 1387 2774 pronomina
1403 2703 1439 2746 re
1495 2682 1497 2729 ἵ

334 2776 478 2857 ciproca‚
501 2774 756 2838 subaudiendum
779 2774 819 2836 ad
845 2775 942 2857 plura
964 2775 1074 2850 rerba,
1095 2795 1172 2857 quae
1194 2795 1271 2839 eum
1285 2774 1316 2837 vi
1330 2771 1439 2850 suage

335 2861 436 2926 nuind
452 2863 557 2924 activa
573 2862 651 2940 sint,
674 2863 809 2925 neutrali
825 2861 1065 2942 significatione
1078 2869 1303 2946 usurpantur:
1322 2875 1440 2942 quorum

334 2949 452 3028 iugens
479 2967 632 3012 numerus
657 2959 716 3012 est.
759 2945 885 3010 Passim
911 2949 1109 3020 monuimus,
1133 2951 1184 3012 sic
1205 2947 1440 3012 commodissime

334 3034 458 3116 expleri
475 3055 569 3116 posse
584 3035 759 3098 locutiones
773 3035 912 3107 ἐλλιπεῖς,
935 3054 1019 3115 quas
1041 3035 1142 3117 vulgo
1155 3037 1269 3108 aliter,
1294 3033 1348 3097 sed
1359 3032 1440 3093 miras

331 3120 486 3184 fabricati
501 3122 644 3204 ellipses‚
660 3123 925 3203 interpretantur.
948 3118 1102 3185 Souara.

579 3267 599 3308 ¹*
622 3265 835 3344 ΣΕΙΣΜΟΣ,
864 3267 1030 3334 TERRAE
1057 3267 1229 3336 MOTUS.

375 3370 580 3439 Phanorinus
594 3395 635 3438 ex
651 3375 798 3440 Zosam:
817 3375 1119 3460 ‘lisaniam—si
1139 3377 1216 3444 εἶδος
1229 3384 1351 3454 σεισμοῦ.
1390 3371 1443 3434 Au·

333 3460 439 3542 gemla
455 3457 576 3524 lexica
593 3463 655 3526 hae
667 3482 738 3526 vose
753 3464 932 3545 similique,
957 3469 1035 3531 item
1048 3473 1144 3530 terra·
1160 3472 1288 3530 motum
1302 3461 1445 3548 quendam

333 3547 551 3627 significante,
566 3551 766 3624 μυκηματὶας,
788 3570 855 3631 quo
879 3555 985 3615 utitur
1007 3553 1206 3616 Ammianus
1222 3545 1444 3616 Marcellrsil.

331 3654 360 3697 c.
375 3632 407 3695 7.
424 3643 506 3698 extr.
528 3653 625 3715 quern
643 3637 712 3700 vide
728 3648 762 3701 et
776 3637 865 3703 coni.
881 3639 1049 3703 Aristotel.
1073 3642 1114 3702 de
1138 3637 1273 3704 Mundo
1295 3630 1445 3724 pag-155·

331 3737 374 3782 ss.
390 3720 441 3783 ed.
456 3717 564 3805 Kapp.
586 3721 736 3788 Sousar.

690 3883 705 3915 ⁸
727 3871 936 3947 ΣΕΛΗΝΙ-Ι,
959 3870 1097 3938 LUNA.

372 3979 411 4046 Iu
437 3983 581 4066 φωσφόρος
603 3987 689 4069 apud
714 3986 972 4070 Aristophanem
988 3983 1126 4067 Lysistr.
1150 4007 1183 4049 r.
1213 3985 1291 4050 739.
1314 3981 1401 4047 Conl.
1421 3997 1446 4040 e.

329 4065 406 4132 444.
451 4067 565 4134 Potest
578 4073 676 4136 etiam
690 4074 839 4158 suppleri
851 4092 910 4156 per
920 4069 1049 4139 Ἑκάτη.
1073 4069 1198 4136 Larsa.

639 4219 826 4286 *xiima
849 4216 1140 4285 SEPULCRUM.
1163 4310 1170 4326 ι

372 4327 596 4398 Philostratus
610 4329 687 4399 Her.
703 4355 737 4419 p.
757 4332 809 4398 72.
832 4330 918 4399 Nais
932 4357 1007 4396 aare
1022 4332 1279 4419 nabappaaas'ms
1290 4331 1365 4397 ἐς-τό
1378 4327 1451 4392 Aiir

361 4521 379 4580 ι’
390 4541 452 4593 ram
474 4544 499 4595 a
519 4548 605 4604 aaa..
637 4548 752 4599 surana.
779 4548 805 4599 a
825 4549 890 4602 cu.
905 4551 982 4601 aaa·
996 4549 1045 4614 (a.
1063 4549 1165 4611 ma)
1182 4544 1348 4616 ssa-ngas
1363 4542 1404 4593 ab
1420 4532 1452 4584 ¹0¹

327 4609 672 4672 soassr(te)inmoloaam.
686 4615 796 4667 Busan.
