3117 5175
362 345 603 416 annualem
625 340 1004 457 consummantur.
1187 349 1247 420 129

116 517 350 595 ammodum,
372 519 409 605 2)
431 518 519 589 rocio
540 527 687 584 maante
708 517 841 586 meliora
866 516 1117 610 emrolio'oopit.
1164 520 1254 593 Hac.

114 611 176 672 duo
188 609 397 691 postulantur
412 614 548 692 propter
562 607 715 690 opposita
729 607 763 669 in
785 607 883 672 tertio
899 600 1013 680 'versu
1034 610 1116 672 aaa
1130 634 1164 672 τε
1177 617 1244 691 eto.

113 695 136 758 i.
151 714 180 758 e.
207 702 338 758 atcerte
363 694 393 778 1)
407 703 438 756 et
453 691 578 758 tordius
591 690 760 778 iutellimt,
773 690 809 777 2)
833 702 864 757 et
889 684 1052 775 infirmius
1071 691 1241 760 curulium

111 779 210 846 lubet.
254 780 320 844 Sed
333 782 450 845 mirum
470 786 532 858 est,
555 780 643 860 quod
656 781 755 862 poeta
768 799 830 863 pro
851 778 950 843 ὅπως
965 807 994 861 κ.
1010 780 1044 864 ἔῃ
1067 798 1134 845 non
1154 783 1242 848 buno

110 886 242 932 sensum
257 868 441 952 expressit:
466 865 513 928 καὶ
528 869 701 950 πυκνοτέραν
726 868 814 940 μῆτιν
827 866 903 946 ἔχει.
938 863 1001 930 'An
1015 865 1041 928 f.
1058 885 1120 949 pro
1141 867 1242 935 ὅπως

108 953 282 1036 legendum
295 955 432 1036 χώνκωςῖ
454 949 510 1016 Sic
523 952 612 1015 enim
625 951 789 1036 ¹opposita
811 957 1020 1025 constarent;
1047 949 1079 1038 1)
1096 962 1128 1017 et
1142 951 1243 1020 eitius

107 1041 265 1122 intelligit
278 1057 380 1128 unus,
401 1055 501 1118 quam
525 1037 622 1112 alter,
645 1037 682 1123 2)
707 1045 750 1126 et,
777 1031 935 1124 quanam
959 1037 1158 1104 commodum
1181 1037 1253 1115 εἰν,

104 1126 282 1210 intelligit.¹
306 1123 475 1210 ¹Sequitur
495 1125 670 1208 repetitum
693 1149 736 1204 τε,
765 1124 854 1206 quod
879 1131 917 1189 ut
939 1126 1121 1209 repetitum
1141 1127 1242 1194 facile

105 1211 326 1278 defenditur.‘
349 1207 403 1278 cf.
431 1207 467 1274 S.
484 1209 510 1275 l.
528 1216 562 1276 et
577 1207 655 1274 ΚΑΙ
686 1208 713 1274 l.
739 1217 774 1274 et
798 1210 831 1276 3.
876 1207 961 1276 Tum
985 1211 1062 1296 εἴπερ
1084 1240 1117 1277 τε
1143 1240 1168 1278 ν.
1190 1219 1242 1278 est

106 1301 130 1364 i.
146 1321 179 1384 q.
205 1297 261 1364 eiu.
277 1295 326 1363 xai
347 1328 369 1363 ν.
392 1295 522 1362 etiuuui
549 1295 600 1361 vel
623 1296 761 1362 mamare
778 1294 1028 1386 animaduertat.
1074 1296 1139 1364 Pro
1160 1301 1243 1364 ἀλλά

106 1411 151 1468 τε,
172 1385 229 1450 ubi
245 1383 292 1450 Ill.
309 1383 424 1469 Heyne
441 1409 472 1447 τε
485 1383 616 1448 videtur
629 1385 811 1473 exprimere
826 1385 996 1468 particulis
1017 1383 1069 1448 vel
1080 1385 1139 1462 aie,
1162 1387 1241 1454 fort.

104 1491 169 1538 sor.
188 1474 269 1535 ἀλλά
279 1499 316 1548 νε
329 1471 362 1538 *..
408 1468 616 1536 Postremum
630 1469 659 1532 lt
674 1496 706 1533 κε
729 1471 869 1535 refertur
878 1472 921 1535 ad
935 1470 1144 1548 antecedens,
1159 1481 1198 1539 ut
1209 1475 1240 1538 si

104 1559 232 1624 dietum
246 1559 291 1623 sit
304 1564 352 1644 βρ.
364 1561 418 1634 μέν
432 1583 463 1620 τε
476 1583 501 1621 ν.
545 1555 634 1623 Nam
644 1555 699 1632 μὲν
711 1576 797 1642 saepe
810 1557 991 1634 omittitur,
1000 1558 1058 1623 ubi
1073 1561 1241 1650 oppositio

150 1663 218 1710 rse
232 1648 322 1711 clara
336 1651 398 1711 est.
1170 1656 1175 1666 ’

103 1665 183 1796 pe8.
207 1733 296 1811 Quid
311 1736 414 1796 verol
436 1733 603 1798 nunidem
620 1732 654 1795 h.
671 1729 694 1795 l.
719 1730 921 1812 tangendum
936 1736 1001 1805 est,
1027 1740 1066 1798 ut
1079 1735 1240 1820 composi-

102 1824 179 1883 tum
193 1837 234 1883 ex
255 1823 293 1882 ὡς
313 1823 348 1882 et
369 1845 415 1893 κε,
439 1822 534 1902 euJus
561 1817 725 1902 posterior
748 1835 826 1901 pars
849 1817 1020 1882 abundare
1045 1820 1176 1885 soleatl
1196 1841 1243 1888 au

100 1905 229 1987 ubique
252 1924 314 1989 pro
331 1924 397 1970 una
424 1925 504 1970 roes
528 1905 726 1978 habendum,
748 1905 813 1967 nisi
839 1905 934 1968 sicuti
958 1905 1077 1989 copula
1098 1909 1242 1990 praemit-

99 1991 425 2058 tendadesideratur
449 1998 482 2057 et
499 1993 575 2056 inde
600 1991 707 2074 repeti
732 1991 781 2053 sic
804 1996 926 2072 potest,
951 1998 990 2055 ut
1004 1993 1167 2058 scribatur
1190 1993 1242 2058 di-

98 2081 186 2159 uise,
201 2079 238 2142 ds
253 2083 312 2143 rel
343 2075 450 2158 ,Tura
464 2097 598 2163 prorsus
612 2079 785 2161 explorare
796 2077 929 2143 ἀνήνυτον
937 2079 1016 2161 ἔργον
1038 2086 1129 2161 puto.
1173 2079 1240 2145 Sed
1273 2111 1278 2119 ⁸

23 2201 28 2208 -
97 2171 218 2230 tamen
241 2183 348 2239 sumo,
371 2173 404 2230 et
426 2165 518 2229 valde
544 2164 715 2249 probabile
739 2181 810 2226 esse
834 2164 971 2237 affirmo,
994 2165 1052 2228 ubi
1075 2166 1240 2248 significet
1276 2243 1281 2252 Ι

95 2249 200 2326 aaut,
215 2251 423 2316 scribendum
437 2269 509 2315 esse
527 2251 612 2327 dees,
636 2258 670 2313 et
692 2248 906 2334 posteriorem
928 2251 1125 2333 particulam
1151 2259 1240 2317 recte

96 2337 190 2402 inter
213 2339 419 2424 pleonasmos
440 2337 583 2402 reterri..
612 2333 698 2400 Sunt
723 2339 834 2397 autem
858 2343 1030 2417 poetarum
1052 2338 1238 2421 particula,

97 2444 120 2487 e
145 2426 266 2508 quibus
280 2425 377 2488 facile
391 2429 439 2488 est
453 2425 598 2506 arripere
612 2440 703 2486 exem
727 2420 760 2481 la
783 2422 1066 2505 quamplurima:
1089 2421 1174 2489 Iliad
1198 2423 1239 2488 Γ.

94 2509 160 2576 23.
177 2511 224 2575 Π.
240 2509 310 2575 633.
327 2507 462 2575 Hesiod.
480 2509 570 2573 Ἀννι.
586 2505 662 2572 405.
683 2523 686 2530 ’
704 2439 821 2591 {lump
838 2504 953 2570 Phoen.
968 2505 1059 2570 1750.
1103 2507 1237 2575 Gallim.

94 2600 136 2663 in
169 2596 244 2662 Cer.
274 2596 328 2662 29.
381 2595 461 2661 Jam
483 2622 515 2659 τε
538 2614 603 2659 non
629 2602 666 2660 ut
692 2594 818 2675 syllaba
843 2594 1092 2673 significationis
1107 2645 1111 2649 .
1125 2615 1242 2678 expers

93 2684 206 2769 priori
221 2680 425 2766 adjungitur,
448 2682 505 2746 sed
529 2688 579 2746 est
607 2681 631 2743 i.
648 2701 680 2761 q.
703 2678 764 2750 καὶ,
793 2675 911 2740 etium:
932 2684 967 2740 et
989 2698 1050 2741 usu
1077 2698 1240 2762 sensuque

92 2772 176 2855 ipso
192 2771 245 2834 hic
270 2771 480 2855 pleonasmus
502 2769 649 2853 pertinet
662 2764 704 2829 ad
725 2762 774 2825 καὶ
789 2762 881 2825 Seet.
897 2760 931 2826 2.
977 2761 1055 2827 Alia
1073 2772 1124 2829 est
1146 2764 1239 2831 Hoo·

90 2857 239 2939 geveeni
253 2858 443 2940 explicatio,
466 2874 541 2937 quae
557 2852 669 2915 multis
688 2850 795 2913 verior
809 2854 919 2931 potest
935 2849 1051 2913 videri.
1093 2849 1182 2933 Ergo
1203 2860 1239 2918 et

92 2944 190 3008 hano
202 2944 388 3025 adjungam.
433 2940 674 3023 inexemplum
689 2936 743 2998 ille
765 2936 934 3018 proposuit
954 2933 1049 2999 Iliad.
1077 2932 1104 3000 1.
1136 2938 1186 3003 14.
1204 2938 1238 3002 ἂν
1282 2948 1287 2966 “

89 3029 120 3092 δ’
136 3025 340 3105 Ἀγαμέμνων
357 3030 461 3109 iurare
482 3027 659 3111 δακρυχέων,
682 3022 754 3084 ὥστε
781 3020 868 3104 κρήνη
883 3021 1075 3107 μελάνυδροςε
1098 3025 1239 3089 surrexit
1312 3096 1318 3107 Ι

89 3127 213 3181 autem
237 3113 458 3199 Agamemnon
470 3110 619 3200 suadeas
640 3106 801 3184 lauimus,
819 3103 902 3171 aaut
917 3102 999 3193 foras
1019 3106 1114 3194 aqua
1135 3109 1237 3199 uiget.
1360 3144 1365 3151 -

88 3200 134 3281 In
152 3202 220 3267 hoo
233 3202 459 3285 similibusque
475 3198 601 3279 aliquid
614 3200 693 3259 ante
716 3196 753 3255 ὡς
767 3193 877 3275 ellipsi
901 3211 1125 3276 suppressum,
1151 3198 1240 3279 quod

87 3290 235 3354 vinculo
255 3289 425 3373 particulae
449 3313 481 3349 τε
504 3304 578 3350 cum
606 3278 821 3363 sequentibus
847 3286 1073 3355 connectatur,
1095 3283 1240 3366 intelligi

87 3374 224 3440 debete
238 3375 368 3449 statuit,
389 3379 423 3437 ei
444 3374 574 3457 plenius
589 3371 637 3435 ita
651 3367 717 3431 dici
742 3384 751 3424 τ
776 3363 954 3448 δακρυχέων,
977 3365 1026 3427 καὶ
1048 3370 1122 3430 οὕτω
1137 3368 1239 3455 δακρυ-

88 3466 197 3543 χέων,
213 3464 250 3524 ὣς
271 3461 367 3545 κρήνη.
421 3457 586 3522 Postremo
608 3454 721 3518 addit:
746 3448 823 3512 “Si
848 3450 961 3533 itaque
984 3452 1180 3535 simpliciter
1201 3460 1240 3519 ὡς

88 3558 118 3589 “
148 3547 242 3635 κρήνη
262 3544 616 3629 dixisset,·simplieem
640 3538 899 3620 intelligeremus
919 3541 1210 3620 ¹comparationem
1227 3535 1245 3603 :¹

91 3642 121 3677 ‘⁸
151 3642 206 3709 at,
220 3652 295 3699 oum
309 3632 398 3698 dicat
412 3632 498 3705 ὥστε,
512 3628 659 3695 videmus
684 3632 805 3710 prater
824 3626 1115 3705 comparationem,
1130 3630 1240 3693 'etlam

91 3726 118 3792 ‘,‘
147 3720 463 3805 amplificationem
495 3737 529 3800 q.
555 3717 587 3779 d.
611 3712 788 3793 Laerymas
813 3707 1025 3782 fundens,·et
1050 3717 1147 3777 tauta
1166 3716 1240 3795 qui·

92 3818 121 3850 ‘⁶
151 3808 233 3872 dem
248 3807 357 3890 eopia,
371 3810 528 3886 quantam
543 3800 655 3865 fundit
675 3798 750 3861 fons
766 3814 926 3881 aquarum
947 3798 1084 3880 copiam.
1130 3797 1239 3865 Servit

94 3900 125 3936 “
151 3914 236 3977 ergo
263 3890 522 3977 amplificationi,
548 3906 621 3970 quae
646 3886 733 3968 perit
753 3883 890 3945 absente
918 3882 982 3945 τε.”
1012 3881 1125 3948 ·Mihi
1146 3890 1239 3969 prior

91 3982 166 4045 illa
182 3981 281 4054 ratio,
295 3986 334 4044 ut
348 3976 543 4061 simplicior,
557 3982 591 4040 et
601 3992 620 4036 e
629 3989 776 4036 sermone
790 3966 985 4051 quotidiano
999 3969 1132 4034 facilius
1144 3977 1238 4045 nata,

134 4179 155 4214 a
185 4164 252 4215 Mihi
272 4164 372 4229 penitus
393 4161 514 4227 persuasi,
530 4157 648 4211 librarios
695 4154 798 4206 villead
813 4153 987 4216 Charitonem,
1007 4155 1112 4205 lioenius
1126 4158 1157 4206 ud
1173 4156 1236 4207 Gre-

92 4233 297 4299 mpiuqquam
309 4228 399 4279 Critici
415 4226 520 4291 singulis
537 4226 563 4274 in
584 4223 646 4274 loeis
694 4221 794 4285 gorium
805 4219 901 4284 aliique
916 4223 989 4270 mutu
1006 4220 1079 4270 alibi.
1112 4222 1236 4272 SieAris-
1260 4280 1265 4292 ι

90 4305 229 4355 mount,
245 4314 271 4343 n
281 4295 395 4359 posuisse
414 4308 460 4355 pro
476 4310 512 4353 γι,
524 4288 646 4339 facillimo
696 4288 767 4351 toph.
788 4287 902 4336 Acham-
917 4290 973 4337 ⁵98.
996 4300 1082 4334 venum
1102 4294 1140 4335 est
1167 4288 1235 4337 baud

88 4378 169 4415 nne
182 4376 285 4411 errores
300 4356 527 4424 quantulumenim
544 4354 646 4405 interest
695 4352 772 4401 dubie
792 4349 900 4414 niawylr
913 4370 940 4414 γι
956 4354 1010 4417 τρεῖς
1030 4365 1076 4413 pro
1086 4352 1155 4415 vulg.
1175 4372 1199 4401 κ.
1210 4370 1236 4401 η

89 4430 175 4479 inter
190 4427 236 4477 TE
247 4434 272 4475 et
283 4427 337 4476 PE?
352 4422 447 4472 Passim
470 4428 536 4469 certe
553 4419 578 4468 id
595 4418 647 4467 tac·
697 4420 760 4484 epis.

90 4502 163 4545 tum
182 4486 465 4552 coenomanorum
485 4483 562 4545 docti,
581 4484 647 4533 Dor·
