3117 5175
259 418 329 485 niv
606 408 827 483 pemmo
848 408 1054 475 misnam.

257 600 351 667 dens
374 598 465 667 lect.
479 596 613 667 lucian.
628 600 652 661 1.
670 598 720 665 15.
763 596 852 671 Quid
867 598 971 677 ergo?
993 592 1067 659 Hoc
1080 599 1164 679 puto
1178 592 1388 667 mactarunt

258 689 334 772 quis
346 693 452 772 putet,
468 690 538 753 illic
550 685 682 768 ellipsin
698 686 819 751 voculae
841 686 879 747 ὡς
893 701 978 755 esse,
1001 682 1059 747 ubi
1073 682 1177 753 deest,
1198 688 1388 763 propterea,

257 776 345 854 quod
359 776 440 841 alibi
451 774 573 839 diserte
585 772 738 850 addatur,
761 790 836 835 eum
846 768 933 842 falli,
955 786 1058 849 quum
1072 768 1152 831 alibi
1168 785 1234 832 non
1249 774 1318 831 11111
1331 768 1388 833 de·

258 862 361 935 liciat,
383 881 481 944 quam
495 860 577 924 alibi
591 861 746 924 abundet.

261 990 266 999 ·
301 944 367 1011 Sed
381 956 431 1012 est
442 950 547 1012 etiam
560 954 681 1031 praeter
704 945 790 1011 hanc
813 947 882 1011 alia
904 962 1015 1014 causa,
1037 959 1096 1005 cur
1110 960 1174 1005 non
1199 942 1322 1023 ubique
1341 942 1387 1007 lo-

257 1054 330 1101 cum
344 1052 417 1098 esse
430 1038 586 1119 putemus
598 1033 668 1105 isti,
689 1050 790 1112 quam
804 1032 962 1104 diximus,
982 1029 1273 1109 argumentationi.
1297 1024 1387 1093 Nam

255 1140 325 1185 una
337 1138 402 1183 vox
413 1120 563 1185 admittit
575 1140 640 1184 non
655 1136 732 1183 raro
746 1119 914 1182 variarum
928 1134 1044 1179 vocum
1054 1114 1196 1197 ellipses.
1240 1111 1279 1179 In
1292 1114 1388 1197 ζύγιος

257 1206 569 1287 subintelligendum
594 1205 692 1269 modo
706 1202 796 1277 Ζεὺς,
818 1204 916 1267 modo
930 1203 1029 1287 iosos,
1052 1200 1161 1275 modo,
1176 1203 1204 1265 si
1221 1198 1387 1283 Hesychio

255 1292 465 1366 credendum,
489 1293 612 1375 ὅτρίτὸς
626 1294 734 1376 ἐρέτης.
778 1286 830 1355 Ita
848 1292 881 1355 in
898 1288 1044 1361 ἓολάμιος
1057 1287 1201 1370 intelligi
1223 1287 1322 1351 debet
1335 1290 1387 1354 in·

253 1379 383 1444 tendum
407 1381 517 1463 ipis-cs,
538 1376 707 1443 interdum
729 1381 857 1449 οαὺςοςς
878 1378 915 1439 in
928 1372 1066 1449 θαλαμίαι
1088 1380 1200 1438 sutem
1223 1374 1388 1439 interdum

256 1468 354 1539 udus,
374 1484 489 1539 remees,
510 1468 549 1529 ut
569 1464 659 1547 apud
680 1462 849 1546 Aristoph.
878 1462 1021 1526 Acharn.
1036 1458 1112 1523 552.
1131 1460 1299 1525 interdum
1315 1460 1387 1533 issi,

136 1608 142 1619 ,
245 1547 411 1638 foratam,
432 1551 522 1632 quod
542 1552 676 1615 additur
695 1551 739 1613 ab
755 1550 923 1631 Aristoph.
947 1544 1032 1609 Ran.
1050 1544 1139 1611 1106.
1184 1546 1236 1625 Ad
1257 1566 1330 1631 quae
1358 1548 1388 1609 si

255 1638 331 1718 quis
345 1656 413 1703 non
426 1639 510 1702 satis
523 1638 677 1711 attendit,
699 1637 728 1700 is
745 1636 891 1719 periculo
911 1633 1079 1717 expositus
1092 1640 1155 1705 est,
1176 1634 1310 1717 ellipses
1325 1634 1386 1697 tin-

254 1725 367 1805 gendi,
398 1742 574 1805 vocemque
598 1725 746 1805 aliquam
768 1724 913 1805 elliptioe
937 1718 1079 1804 positam
1107 1737 1166 1801 per
1190 1720 1291 1785 aliam
1309 1740 1390 1803 sup-

218 1816 225 1830 '
253 1811 380 1895 piendi,
402 1828 477 1891 quae
491 1812 541 1874 1111
564 1810 699 1891 quidem
724 1829 791 1873 non
814 1828 873 1892 per
899 1827 946 1880 se,
969 1804 1026 1871 sed
1041 1810 1154 1869 tamen
1175 1804 1277 1869 hicet
1300 1825 1391 1869 nunc

255 1901 432 1979 repugnat.
476 1892 636 1980 Exemplo
659 1900 770 1979 potest
795 1914 868 1959 esse
888 1895 979 1959 loeus
993 1892 1227 1974 Aristophanis
1241 1890 1388 1955 Acheru.

256 1980 332 2047 552.
354 1984 413 2050 ubi
431 2002 496 2047 vox
509 1980 670 2057 θολώιιος,
691 2002 765 2064 quae
787 1980 947 2046 defective
962 1979 1082 2063 posita,
1103 1982 1141 2041 ut
1155 1978 1252 2041 modo
1277 1978 1389 2043 docui·

255 2086 343 2145 mus,
365 2069 503 2133 diversis
528 2070 634 2133 modis
659 2068 805 2152 suppleri
820 2072 941 2151 potest.
985 2064 1185 2129 scholiastes
1199 2065 1303 2147 igitur
1316 2064 1349 2127 d.
1362 2065 1389 2127 l.

256 2175 331 2221 eam
351 2156 488 2239 supplet
514 2174 574 2239 per
596 2158 715 2228 codrus,
737 2172 839 2237 quam
861 2172 974 2217 vocem
996 2169 1092 2233 posse
1105 2150 1230 2225 omitti,
1256 2170 1299 2215 ex
1321 2148 1393 2214 He·

255 2243 369 2325 sychio
392 2248 533 2315 constat,
556 2241 658 2305 immo
679 2260 754 2323 quoe
776 2240 865 2323 aprrd
889 2236 1111 2317 Thucydidem
1133 2241 1169 2298 et
1192 2236 1393 2303 Athenaeum

255 2347 371 2431 revera
387 2328 423 2392 in
438 2325 584 2403 handuns
593 2327 783 2429 omittitur.
828 2324 1057 2426 Nihilominus
1076 2342 1149 2387 eam
1163 2322 1273 2389 deesse
1287 2322 1394 2387 Scho-

252 2410 1075 2582 11111111111111131111111
1090 2428 1392 2580 tilitates

254 2588 437 2670 remigibus
449 2589 637 2661 conveniat,
658 2586 783 2670 quippe
804 2606 905 2671 quum
919 2584 953 2648 rh
968 2580 1141 2670 τροκοῡοθοιι
1157 2584 1207 2648 vel
1224 2586 1391 2668 τροούοοιο-

254 2669 318 2754 har,
339 2675 422 2738 nihil
449 2675 611 2747 8111111111,
631 2693 733 2756 quam
747 2673 782 2734 τὸ
797 2674 850 2740 riv
864 2674 963 2739 adanu
983 2669 1056 2754 πρὸς
1078 2668 1125 2732 τὸν
1149 2670 1279 2745 σκαλμὸν
1292 2669 1391 2746 lisa,

252 2759 454 2825 remwnloro
473 2759 684 2825 edocuimum
704 2757 853 2842 alligare,
876 2765 914 2822 ut
939 2755 1100 2820 Kustcrus
1119 2757 1215 2820 docet
1237 2757 1281 2822 ad
1294 2757 1390 2823 Aris-

254 2846 344 2947 11111).
363 2846 597 2948 Acharnenses.
640 2843 804 2952 Quocirca
815 2845 970 2946 laudatus
985 2841 1147 2944 Kusterus
1159 2846 1275 2908 merito
1287 2843 1390 2912 Scho-

254 2933 1391 3104 1111111ῖ111151.1ῑῖῖΐ11“11111111131

254 3106 379 3205 doncro
393 3108 486 3205 sint,
522 3105 620 3179 modo
656 3103 833 3178 trutinare
859 3102 1095 3170 subaudienda.
1154 3101 1277 3178 Quum,
1313 3125 1399 3189 quae¹

257 3185 376 3261 Bosrus
391 3210 426 3253 m
440 3212 519 3256 voce
541 3195 644 3277 χρόνου
659 3192 765 3264 docet,
789 3192 824 3255 in
850 3191 991 3274 spritus-ss
1017 3187 1107 3272 apud
1129 3187 1267 3255 Theocr.
1292 3187 1389 3274 Idyli.

255 3275 324 3339 xiv.
353 3277 465 3342 deesse
489 3281 605 3362 χρόνον,
636 3277 833 3360 diligentius
856 3275 1039 3358 considero,
1071 3275 1234 3360 simulque
1269 3279 1392 3354 seriem

254 3363 411 3458 carminis
425 3363 514 3446 apud
527 3360 739 3464 rl'heoeritum
751 3364 863 3462 paullo
876 3364 1062 3428 accuratius
1076 3365 1257 3446 perpendo,
1279 3365 1390 3428 lacere

255 3447 1135 3620 23111.11111311.11113..Βῖ11111111
1156 3452 1393 3602 ‘illidit‘

141 3629 148 3640 ·
257 3613 512 3706 Xenophontem
527 3622 645 3686 addere
659 3625 778 3706 χρόνον,
798 3621 857 3688 sed
872 3641 983 3686 serum
998 3624 1097 3686 ctiam
1121 3620 1203 3686 illud
1224 3629 1288 3696 est,
1303 3641 1395 3708 sape

256 3707 351 3769 oleos
370 3709 454 3772 alios
476 3710 652 3792 scriptores
684 3708 817 3789 addere,
839 3707 1045 3782 Athenaeum,
1067 3705 1260 3793 iosephum‚
1277 3707 1397 3776 Achil-

258 3792 325 3872 lem
352 3789 498 3869 Tatium,
519 3795 578 3878 qui
608 3814 667 3878 pro
695 3796 842 3880 mpoi'o'uror
867 3803 917 3860 τοῦ
947 3795 1039 3858 ao'roo
1064 3794 1164 3858 habet
1190 3799 1397 3944 ωὲοβιῖνοντος

256 3885 308 3942 τοῦ
331 3881 436 3944 πότου.
481 3879 555 3945 Vid.
578 3877 715 3944 Observ.
737 3879 878 3948 Miscell.
905 3883 968 3946 vol·
990 3903 1021 3946 v.
1046 3887 1072 3944 1.
1096 3881 1129 3946 3.
1158 3901 1193 3966 p.
1231 3881 1261 3944 2.
1305 3881 1396 3946 Sub-

256 3965 466 4030 scribendum
490 3967 560 4033 illic
585 3966 777 4032 Scholiasta
799 3969 910 4052 potius
937 3975 1000 4041 est,
1031 3965 1097 4050 qui.
1117 3971 1263 4054 προϊόντος
1287 3970 1396 4054 expli-

255 4057 311 4116 oat
337 4057 547 4138 προκόπτοντος
571 4061 622 4119 τοῦ
649 4055 756 4128 aiem,
777 4075 879 4138 quam
906 4055 957 4118 uel
987 4056 1175 4138 interpreti,
1208 4055 1259 4119 vel
1289 4054 1395 4122 Bosio

256 4135 382 4203 nostro.
427 4137 498 4204 Etsi
514 4142 604 4206 euim
616 4149 791 4206 occurrunt
805 4143 880 4216 loci,
902 4140 959 4206 uhi
976 4142 1075 4225 χρόνον
1101 4141 1243 4224 intelligi
1266 4151 1396 4225 potest,

255 4227 355 4290 series
369 4233 481 4292 tamen
496 4223 602 4310 Idyllii
619 4233 701 4293 satis
715 4228 873 4302 declarat,
896 4227 983 4292 hunc
997 4229 1104 4292 locum
1126 4229 1212 4294 inter
1234 4229 1309 4296 illos
1326 4249 1397 4296 non

256 4315 433 4395 pertinere.
1332 4325 1335 4336 '

300 4393 412 4463 Etiam
439 4401 503 4465 illae
530 4403 662 4486 ellipses
690 4405 831 4486 possunt
850 4400 997 4484 quesite
1021 4399 1142 4487 uideri,
1165 4422 1269 4484 quum
1297 4423 1398 4470 voces

256 4485 384 4549 omissae
396 4488 547 4554 dicuntur
560 4509 644 4563 esse,
667 4509 741 4574 quae
755 4485 814 4552 ἀπὸ
828 4495 929 4562 κοινοῦ,
951 4487 986 4550 h.
1001 4509 1031 4552 e.
1048 4508 1089 4552 ex
1104 4493 1255 4572 proxime
1276 4509 1399 4574 praae-

256 4568 410 4636 dentibus
422 4576 559 4652 assumi,
582 4581 617 4640 et
631 4593 668 4639 re
692 4576 749 4653 eti,
769 4580 804 4638 et
820 4576 855 4638 in
869 4575 1060 4640 memoriam
1082 4575 1223 4658 legentis
1246 4579 1399 4645 nvooau

255 4665 406 4742 possunt.
448 4657 566 4746 Itaque
582 4666 654 4752 ipse
668 4595 874 4730 goholiastes
886 4657 1083 4748 Thucydidis
1097 4663 1139 4729 ad
1153 4663 1176 4730 i.
1191 4661 1247 4732 35.
1271 4663 1402 4748 fingere
