3117 5175
436 389 678 455 rusortAstss
696 388 938 453 VERBORUM‘.
1206 376 1257 445 v5⁶!

137 560 193 628 ter,¹
203 576 262 621 nec
273 554 465 645 interposito
487 580 588 633 mna,
600 578 804 646 progressum
827 577 904 624 erse.
936 552 1038 621 'N'um
1061 550 1258 619 Antilochus

134 644 265 722 cognita
279 653 382 711 morte
398 646 551 722 Patrocli,
566 649 630 711 etsi
643 648 789 729 graviter
806 646 945 711 affectus
955 645 989 705 et
999 642 1096 723 plane
1108 645 1259 722 stupent,

135 732 244 794 tomen
257 749 333 794 cunr
346 752 368 795 e
383 731 536 798 Menelao
546 734 659 815 jussus
673 738 762 799 esset
774 750 906 797 currere
919 728 962 792 ad
975 726 1147 799 Achillem,
1160 726 1258 805 eique

135 818 286 881 nuntiare
299 818 388 885 hunc
401 822 529 893 ossum,'
543 818 602 883 οὐδ’
624 818 662 882 ὣς
678 817 834 883 Μενελάου
851 816 1029 898 spumante
1050 815 1188 887 eornm,
1211 808 1259 879 Βῆ

133 899 256 967 letters.
279 900 319 968 Il.
345 903 417 970 697.
445 926 474 970 t.
517 904 562 969 Et
590 902 743 970 Minerva
770 902 887 987 Odyfl.
913 900 955 965 A.
988 896 1057 961 102.
1082 902 1260 981 postquam

132 991 346 1072 cumimpetu
373 994 558 1060 evolaverat
579 992 620 1055 de
644 993 730 1059 coeio
753 988 901 1073 (ditare)
925 991 997 1054 tun
1018 987 1071 1058 βῆ.
1093 978 1259 1048 1111111111

132 1076 249 1140 itinere
265 1079 436 1160 proposito
460 1075 633 1145 contendit.
678 1078 744 1142 Sed
757 1082 902 1143 ceterum
924 1071 1177 1155 explicationem
1191 1056 1261 1131 Fis-

132 1161 222 1227 chcri
237 1165 311 1228 loca
325 1164 397 1246 ipss
410 1172 555 1229 tuentur.
599 1165 875 1237 meditantem,
890 1159 979 1243 quod
992 1162 1027 1221 et
1039 1155 1163 1239 βαδίζω
1177 1154 1261 1219 001⁰·

129 1249 263 1314 ritatem
275 1253 435 1333 exprimit
446 1251 493 1334 (v.
511 1250 657 1317 Dorrille
669 1254 713 1316 sd
727 1248 859 1316 charit.
872 1269 906 1334 p.
922 1244 998 1311 380.
1013 1243 1062 1309 cd.
1076 1240 1187 1327 Lips.)
1200 1258 1261 1305 nea

131 1354 197 1400 non
219 1332 358 1419 ἔρχεσθαι
376 1343 410 1401 et
431 1340 510 1412 ἰέναι,
524 1339 700 1418 dequibus
713 1339 815 1402 iufra.
1124 1380 1126 1389 ι

473 1520 476 1524 .
558 1468 834 1562 nutassent.

182 1584 251 1667 Ap.
277 1582 481 1651 Herodotum
514 1584 689 1668 aliquoties
713 1582 854 1649 occurrit
881 1574 1047 1655 βάλλεσθαι
1071 1573 1116 1657 ἐφ’
1144 1572 1260 1647 ἑαυτοῦ,

125 1672 372 1753 significatione
394 1673 495 1738 dubia
507 1676 542 1735 et
563 1672 655 1738 fonte
678 1671 770 1755 tropi
794 1670 931 1733 incerto.
977 1662 1063 1727 Cum
1085 1666 1197 1725 auten
1215 1660 1261 1739 to·
1340 1656 1345 1663 '

124 1764 235 1822 ἑαυτοῦ
248 1777 304 1841 ap.
317 1758 429 1842 ipsum
444 1766 478 1823 et
490 1759 574 1822 alios
588 1760 632 1823 sit
680 1767 765 1835 onte,
778 1757 911 1823 facilius
921 1752 998 1833 quis
1012 1748 1147 1813 verbum
1161 1757 1262 1809 πλεον-

123 1845 206 1930 άζειν
221 1851 318 1926 putet
332 1846 397 1910 illis
412 1847 552 1919 iocis‚ut
565 1865 596 1910 v.
613 1846 627 1909 l
664 1846 684 1909 '.
706 1844 783 1929 εἴπερ
797 1867 826 1905 τι
848 1847 983 1912 τοιοῦτον,
1005 1835 1059 1900 οἷον
1081 1830 1118 1897 σὺ,
1134 1830 1260 1915 εἴρηκας,

122 1930 254 2011 πρήσσει
268 1934 282 1992 ὁ
296 1929 540 2016 epistolem,
563 1929 622 1993 ἴσθι
646 1930 732 1995 αὐτὸν
757 1932 803 1993 ἐπ’
818 1932 925 1993 introit
946 1924 1126 1998 βαλλόμενον
1146 1940 1261 2000 πεπρο-

123 2020 239 2096 χέιοιιε
277 2014 316 2081 si
329 2016 393 2081 tole
415 2016 505 2105 quid,
519 2016 611 2104 quale
632 2025 668 2081 tu
689 2012 818 2088 dixisti,
839 2020 938 2100 porat
956 2027 1045 2073 metet
1061 2012 1262 2093 procurator,

124 2100 209 2165 scito
224 2120 298 2165 eum
306 2111 454 2189 sponte..
471 2151 478 2167 .
496 2124 629 2190 pmosse
652 2105 722 2169 sive
745 2100 857 2187 egisse.
903 2096 968 2161 Sed
983 2095 1116 2165 rectius,
1138 2096 1177 2154 ut
1191 2108 1213 2153 a
1234 2088 1262 2151 i·
1330 2168 1333 2175 Ι

125 2206 205 2261 nor,
219 2190 389 2264 vertimus,
397 2189 434 2253 in
446 2210 480 2254 se
486 2188 668 2277 occepisse,
682 2198 720 2253 ut
734 2187 771 2252 id
785 2192 903 2272 ageret.
945 2181 999 2245 Cf.
1012 2177 1132 2243 AElian.
1155 2173 1212 2240 V.·
1247 2218 1258 2235 .

121 2276 160 2337 ii.
178 2272 212 2336 4.
229 2275 290 2337 ubi
302 2274 447 2339 Schcffer
460 2284 494 2341 et
506 2274 622 2341 Joach.
646 2274 746 2339 Kuhn
760 2279 895 2338 vertunt
907 2266 1044 2355 recipere
1056 2263 1094 2329 in
1106 2283 1151 2335 se,
1173 2258 1263 2341 quod

124 2361 176 2424 iili
200 2362 279 2423 loco
292 2366 344 2425 est
358 2363 575 2446 aptissimum.
620 2361 687 2426 Sed
699 2367 811 2427 tamen
826 2378 892 2421 non
908 2356 979 2419 sinc
993 2352 1121 2417 ratione
1134 2348 1263 2421 βάλλεο·

122 2444 175 2509 θαι
185 2446 268 2529 quis
282 2447 601 2522 verntconstderare,
615 2446 742 2534 agitare
762 2444 893 2517 animm
916 2448 950 2506 et
965 2442 1007 2521 ἐφ’
1021 2442 1133 2502 ,ἑαυτοῦ
1147 2432 1261 2497 aduer-

121 2534 178 2598 bio
199 2532 345 2598 seorsim.
392 2533 465 2602 Hoc
477 2555 574 2600 sensu
591 2538 633 2618 ἐφ’
649 2530 908 2600 ἓσοσοῖοοοσιιιτίι
924 2527 960 2592 ii.
975 2524 1009 2590 2.
1025 2524 1070 2588 ix.
1089 2519 1138 2584 17.
1157 2524 1192 2583 ct
1204 2514 1259 2581 38.

120 2627 154 2686 et
168 2621 274 2687 alibi.
297 2619 372 2686 vid.
388 2619 583 2688 Vellenaer.
597 2623 642 2686 ad
657 2623 725 2687 viii.
736 2619 791 2685 32.

558 2755 837 2827 eonstiterit.
967 2751 968 2754 ’

159 2873 241 2940 Hoc
264 2875 400 2940 verbum
422 2891 509 2955 saepe
523 2874 690 2955 prolixum
710 2870 857 2936 studium
877 2869 912 2930 et
937 2865 1104 2948 promtum
1125 2855 1169 2921 ad
1191 2869 1262 2919 rem

116 2963 294 3042 agendam
309 2961 458 3025 animum
470 2959 645 3040 significat.
689 2955 861 3038 Aristoph.
874 2951 961 3016 Piut.
975 2948 1052 3014 290.
1067 2965 1109 3010 ss.
1125 2939 1188 3006 Kal
1202 2937 1262 3014 μὴν

117 3048 178 3121 {yd-
193 3049 385 3136 βουλήσομαι
403 3093 410 3108 ·
429 3091 437 3108 ·
455 3049 552 3118 ainis
569 3043 669 3122 ἔγειιε
692 3052 726 3110 et
741 3043 817 3111 318.
835 3063 878 3108 st.
894 3041 951 3116 ἐγὼ
966 3038 1006 3113 δ’,
1022 3040 1066 3104 ἰὼν
1080 3033 1148 3107 ἤδη,
1162 3026 1264 3128 λάθῃσι

114 3134 312 3207 βθϋλῆσθμω
328 3139 379 3196 τοῦ
390 3131 527 3195 δεσπότου
544 3178 552 3195 .
570 3183 601 3200 ..
617 3144 659 3221 τῷ
670 3136 748 3220 κότῳ
763 3133 891 3208 ξυνεῖναι.
933 3126 985 3190 Ad
1000 3141 1130 3188 sensum
1144 3123 1264 3184 ceter-n

114 3241 137 3292 a
163 3228 243 3286 tum
261 3220 349 3284 nihil
363 3219 539 3292 desideres,
562 3223 591 3286 si
618 3221 811 3304 simpliciter
824 3219 947 3282 dictum
961 3213 1017 3290 sit,
1041 3209 1120 3285 ἐγὼ.
1137 3251 1145 3266 .
1163 3204 1262 3274 ‚sireis

116 3241 194 3383 ἔξω.
221 3312 262 3371 et
286 3305 367 3380 isle.
387 3353 396 3370 ·
415 3351 423 3368 ·
440 3303 599 3384 ξυνὲσομσι.
642 3306 755 3391 Ipsum
774 3305 875 3372 etiam
897 3304 1046 3367 futurum
1068 3291 1263 3370 βουλήσομαι,

112 3395 150 3458 in
168 3395 240 3458 hac
252 3394 367 3478 prima
381 3391 524 3456 maxime
537 3414 689 3479 persona,
714 3394 855 3474 alicujtrs
869 3389 968 3454 studii
991 3378 1264 3468 significationem

114 3482 237 3546 habet,
287 3478 378 3543 Nam
399 3498 474 3559 quae
488 3485 649 3555 volumus,
671 3501 712 3546 ea
725 3501 785 3563 per
800 3499 835 3544 se
860 3481 937 3542 sunt
950 3475 1076 3543 futura,
1101 3484 1166 3528 non
1181 3479 1263 3546 prae·

110 3568 243 3632 wltia-
295 3564 420 3640 Quodsi
430 3565 471 3626 de
484 3564 596 3634 futura
610 3569 777 3632 voluntate
788 3570 901 3630 nostra
911 3559 1144 3642 significamus,
1156 3567 1265 3632 prom·

111 3657 423 3732 tumroluntatem
438 3669 498 3714 nos
512 3656 715 3721 ostendimus
736 3654 893 3718 allaturos
913 3667 996 3719 esse,
1010 3661 1076 3725 qus
1090 3640 1264 3702 vincantur

88 3761 164 3820 Νι
180 3763 267 3826 111118
296 3747 426 3804 mutata
440 3744 499 3801 aut
523 3761 595 3808 sero
609 3741 742 3822 cognitu
767 3737 939 3802 consilium
964 3735 1113 3796 nostrum
1137 3727 1266 3798 mutare

108 3831 266 3910 possint
323 3825 389 3890 Sed
411 3831 521 3892 tamen
551 3830 614 3892 hoc
640 3827 848 3910 pertinaciter
875 3838 992 3901 urgere
1020 3815 1133 3880 nolim.
1186 3807 1265 3872 Non

108 3934 370 3998 usquequaque
384 3915 431 3978 sie
456 3915 682 3999 philosophari
708 3914 743 3976 in
767 3911 890 3992 linguis
909 3908 995 3972 licet.
1040 3901 1105 3966 Sed
1119 3900 1263 3962 ceterum

106 4003 178 4066 vid.
206 3998 442 4066 ΕΘΕΛΕΙΝ.
1084 4050 1087 4058 ,

153 4092 192 4156 2.
219 4086 396 4156 Βούλεσὸοιι
409 4085 477 4152 εἶναι
499 4093 610 4172 potest
622 4087 697 4168 quis
719 4079 932 4166 interpretari
948 4097 1006 4163 per
1021 4073 1161 4155 simplex
1175 4062 1262 4166 siras:

106 4187 145 4258 et
173 4186 235 4244 est
265 4195 351 4240 sane
372 4175 480 4240 idem:
504 4175 652 4239 sedtum
675 4168 743 4236 εἶναι
768 4171 852 4232 verti
872 4169 969 4233 debet
989 4159 1176 4249 ngntflcare
1189 4169 1267 4254 'sure

105 4261 386 4345 ‚similitudinem
409 4260 548 4346 alicujus
567 4259 618 4326 rei
639 4257 768 4336 referre,
793 4275 858 4337 quo
884 4273 980 4318 sensu
1005 4267 1092 4331 saepe
1120 4243 1264 4326 pontiur.

105 4351 242 4435 Itaque
259 4351 330 4414 etsi
344 4367 397 4431 ap.
414 4347 586 4412 Platonem
601 4350 637 4410 in
662 4333 794 4423 Cratylo
807 4363 840 4426 p.
855 4341 930 4408 291.
947 4359 973 4402 s.
997 4336 1119 4399 dicitur
1140 4324 1214 4434 γονῇ
1236 4321 1266 4384 δέ

105 4468 160 4516 μοι
181 4442 333 4524 φαίνεται
346 4432 502 4508 βούλεσθαι
525 4430 605 4505 εἶναι,
629 4437 663 4495 et
677 4452 712 4513 p.
724 4427 812 4494 ¹309.
837 4433 954 4516 catadupi
977 4449 1020 4486 τις
1038 4421 1172 4492 ἐβούλετο
1186 4435 1266 4482 eruar,

103 4529 157 4607 alc
173 4527 313 4598 δηλοῦν,
334 4522 551 4601 similiterque
575 4539 609 4602 p.
634 4517 707 4583 320.
730 4537 769 4582 ac
791 4516 942 4598 deinceps
968 4531 1000 4594 p.
1014 4503 1091 4572 322.
1117 4501 1266 4574 ὀνόματος,

278 4607 375 4703 &dms
396 4607 471 4699 tofis
489 4608 578 4694 οὗτοι,
593 4606 657 4675 ἥτις
674 4603 836 4681 ἐνδείξεται,
851 4601 905 4667 οἷον
921 4601 980 4663 ἐστι
994 4595 1028 4660 τὸ
1041 4593 1193 4678 sopitum:
1216 4590 1267 4650 tu·
