3117 5175
471 409 521 472 IN
540 405 694 472 GRAEOA
712 406 884 472 HNGUA.
1182 404 1244 472 185

115 571 183 638 hee
196 573 328 660 quidem
343 575 470 662 ellipsis
485 584 546 644 est.
571 573 578 634 '·
587 573 675 643 Nam
691 579 713 641 sl
729 597 796 659 nori
808 579 919 662 potest
934 577 1031 642 aliter
1043 578 1243 662 proelianti

114 659 191 734 dici,
206 679 305 746 quam
320 684 422 749 quum
436 685 488 730 res
503 665 560 729 vix
582 665 748 730 credibilis
766 670 1053 738 commemoratur,
1076 667 1133 742 ubi
1148 685 1242 749 aper-

113 751 183 808 tum
198 754 259 828 est,
280 752 303 812 el
324 753 494 835 propriam
509 771 603 816 suam
618 753 685 815 rim
700 752 855 824 retinere,
882 752 974 835 quia,
989 769 1095 834 quum
1112 771 1163 816 res
1177 753 1312 821 ista184

113 849 292 918 numquam
307 835 421 922 futura
436 841 494 912 sit,
515 843 603 902 recte
621 844 732 922 potest
756 858 817 921 per
839 837 1025 918 simplicem
1045 837 1243 906 conditionis

112 919 385 999 significationem
400 925 545 988 indicari.
590 921 830 1007 Aristophanes
846 924 880 985 in
896 919 1016 1007 vespis
1027 941 1060 984 r.
1076 921 1151 988 298.
1174 922 1244 990 Οὐκ

112 999 155 1080 ἂν,
178 1006 224 1078 μὲ
250 1008 297 1072 τὀν
322 1009 389 1086 Δί’,
411 1012 434 1072 εἰ
459 1007 608 1096 κρέμονσθέ
631 1013 660 1085 γ’
687 1013 778 1084 ὑμεῖς.
823 1005 934 1081 Quare
954 1010 1100 1090 graviter
1119 1013 1244 1078 errarit

110 1085 295 1158 Brunckius
311 1099 333 1158 ri
350 1093 475 1160 tarnetei
488 1099 710 1178 interpretans
723 1095 811 1178 apud
823 1093 1019 1179 Sophoclem
1033 1097 1068 1158 in
1082 1095 1196 1179 Ajaoe,
1212 1117 1245 1162 r.
1335 1108 1338 1115 “

109 1173 186 1242 562.
208 1175 291 1244 Teios
312 1181 441 1264 πυλωρὸν
466 1185 584 1262 φύλακα
602 1179 726 1267 Τεῦκρον
740 1183 819 1262 ἀμφί
833 1207 873 1244 σον
888 1179 1009 1255 Asida,
1031 1187 1136 1266 τροφῆς
1150 1182 1246 1248 ἄοκνον
1275 1181 1277 1186 ’

108 1261 231 1338 iudai,
247 1269 271 1330 si
286 1275 369 1334 τανῦν
383 1265 531 1333 Tamis
544 1270 646 1348 οἰχνεΐ,
670 1267 810 1340 δυσμενῶν
825 1265 917 1352 θήραν
931 1269 1020 1348 ἔχων.
1064 1267 1175 1332 Suidae
1189 1270 1242 1334 ed.

109 1343 247 1415 Mediol.
265 1354 299 1416 in
315 1373 346 1416 v.
364 1353 519 1420 maenis:
534 1349 572 1415 si
587 1361 631 1418 νῦν
646 1353 782 1420 retusis
796 1356 896 1435 οὶχνεῖ.
926 1351 1059 1418 Scholia
1071 1351 1242 1419 Romana:
1288 1407 1294 1420 .

107 1437 134 1496 κ’
151 1437 260 1502 sicaria
274 1437 322 1500 sal
337 1442 360 1500 εἰ
374 1438 497 1514 ἔκδημος
511 1445 554 1504 νῦν
570 1441 639 1502 ἐστι.
682 1437 913 1504 Liberabimus
926 1459 1004 1520 ergo
1020 1438 1170 1506 Graecam
1183 1442 1244 1505 liu·

105 1539 206 1602 mrem
223 1523 374 1589 inaudito
389 1526 548 1590 vocabulo
558 1523 670 1602 ἐ’μπιξ,
685 1533 719 1590 et
733 1527 931 1590 scribemus:
947 1522 1031 1588 Τοῖον
1044 1527 1176 1613 πυλωρὸν
1190 1531 1245 1607 pd-

106 1617 189 1669 λεια
201 1606 325 1694 Τεῦκρον
339 1615 416 1694 ἀμφί
429 1637 469 1674 σοι
483 1611 603 1686 Asida,
619 1617 723 1696 τροφῆς
737 1609 832 1676 ἄοκνον
855 1613 950 1687 ἔμπα,
974 1615 1016 1676 κεί
1036 1620 1121 1679 τανῦν
1135 1609 1243 1680 Τολο-

106 1691 163 1756 πὸς
177 1696 279 1776 οἰχνεῖ,
296 1695 435 1772 δυσμενῶν
450 1696 541 1783 θήραν
555 1699 643 1779 ἔχων.
1364 1770 1368 1782 ,

94 1791 99 1802 ’
150 1777 346 1846 Accedimus
370 1784 413 1864 ad
436 1785 568 1867 ellipsin
594 1784 744 1848 omnium
771 1785 914 1849 maxime
940 1785 1134 1868 speciosam,
1171 1804 1244 1868 quae

105 1870 161 1930 est
174 1868 322 1932 adverbii
336 1875 461 1946 μᾶλλον.
508 1867 693 1936 Homerus:
713 1869 838 1944 Βούλομ·
863 1870 920 1945 ἐμ)
945 1871 1015 1934 λαὸν
1037 1873 1096 1935 σόον
1110 1873 1243 1946 ἔμμεναι,

105 1949 317 2019 laureata.
360 1952 448 2028 Quid
461 1960 565 2022 verol
592 1953 658 2029 Qui
678 1958 713 2020 in
737 1957 924 2040 hujusmodi
948 1958 1109 2041 exemplis
1128 1961 1245 2031 μᾶλλον

104 2039 269 2103 omissum
285 2061 356 2105 esse
369 2049 502 2126 putant,
529 2063 609 2108 num
633 2044 667 2107 bi
691 2045 891 2123 cogitarunt,
917 2044 996 2128 quid
1013 2045 1188 2117 lucrifiat,
1214 2043 1244 2106 si

103 2129 226 2196 μᾶλλον
245 2127 410 2194 addaturl
435 2127 523 2192 Nam
549 2150 621 2214 quae
642 2149 682 2192 eo
695 2129 818 2193 omisso
838 2129 1014 2194 difficultas
1039 2135 1101 2203 est,
1127 2149 1167 2193 ea
1189 2127 1248 2192 ad·

102 2209 181 2273 dito
195 2230 260 2276 nou
276 2212 415 2293 tollitur,
439 2215 702 2302 quandoquidem
729 2235 794 2280 non
818 2215 898 2280 illud
912 2217 1086 2280 obscurum
1101 2219 1161 2292 est,
1187 2215 1246 2298 qui

101 2299 226 2370 μᾶλλον
252 2301 375 2374 omitti,
402 2303 536 2386 sed-qui
551 2301 570 2370 ἢ
585 2304 628 2365 ad
646 2303 930 2385 comparationem
952 2300 1103 2364 adhiberi
1127 2301 1245 2383 possit,

102 2383 197 2466 quod
212 2405 275 2450 non
292 2387 399 2466 magis
420 2389 545 2451 clarum
563 2395 614 2452 est
640 2387 768 2468 adjecto
791 2391 918 2461 μᾶλλον.
963 2383 1001 2448 ln
1023 2386 1101 2449 aliis
1116 2382 1247 2470 quidem

74 2477 78 2484 ’
102 2469 248 2550 linguis,
264 2473 350 2535 utin
365 2469 484 2537 Latina
507 2479 541 2536 et
564 2472 786 2546 Germanica,
800 2474 1083 2555 comparationum
1097 2474 1181 2536 ratio
1196 2473 1317 2544 estlst

101 2553 282 2633 facillima,
309 2559 394 2644 quod
411 2558 461 2625 bre
474 2559 645 2642 particulis
668 2564 808 2624 utuntur
824 2559 1077 2623 similitudinem
1101 2559 1247 2643 indican-

98 2642 214 2718 tibus,
284 2665 349 2719 nm,
375 2665 426 2719 aa,
451 2656 559 2731 atque,
579 2644 640 2719 als,
655 2644 728 2721 wic,
753 2642 883 2709 abacia:
905 2646 1025 2729 quibus
1048 2646 1248 2741 Germanica

100 2728 204 2795 addit
287 2752 319 2811 νο,
341 2732 428 2815 quod
442 2738 493 2795 est
508 2729 635 2803 alsinda
658 2751 724 2815 quo
748 2730 796 2803 id,
822 2732 955 2815 quicum
975 2731 1100 2815 aliquid
1115 2751 1248 2815 compa·

98 2820 216 2894 ratur,
242 2818 299 2881 illo
325 2818 528 2897 significatur
549 2818 715 2901 posterius
734 2836 818 2881 esse.
863 2814 974 2899 Longe
990 2817 1034 2881 ab
1050 2818 1101 2881 bis
1116 2838 1249 2902 compa-

98 2901 207 2967 randi
228 2904 334 2965 modis
353 2902 493 2967 discedit
518 2900 633 2967 Graeca
652 2904 776 2985 lingua,
803 2923 875 2989 quae
905 2922 1007 2988 quum
1034 2905 1199 2987 particula
1226 2905 1246 2975 ἢ

100 2990 237 3057 utatur,
260 2990 352 3069 cujus
374 2990 486 3052 multae
508 2990 596 3062 alie,
622 3008 734 3137 eaegue
751 2993 852 3054 variae
877 2990 1135 3071 significationes
1154 2996 1246 3066 sunt,

96 3075 139 3139 id
166 3076 278 3156 ipsum
305 3080 382 3137 ante
404 3076 516 3137 omnia
542 3094 669 3159 qureren
694 3095 748 3138 um
779 3083 842 3154 est,
867 3096 932 3160 quo
961 3077 1146 3157 significatu
1177 3075 1247 3140 hac

151 3154 528 3243 rticula‘comparationi
544 3162 710 3249 inserviat
756 3158 1040 3233 Quemadmodum
1054 3162 1107 3237 μὲν
1122 3168 1157 3225 et
1173 3163 1246 3239 air,

117 3248 130 3311 ὲ
150 3252 192 3311 et
207 3244 243 3310 lsi
257 3246 433 3327 paullatim
456 3248 596 3311 discerni
619 3255 800 3331 creperum,
824 3267 927 3330 quum
947 3247 1045 3311 initio
1069 3254 1246 3331 utrumque

93 3350 177 3397 una
201 3333 365 3413 particula
386 3334 517 3407 fuisset,
539 3332 599 3407 pin
613 3340 647 3398 et
661 3333 710 3407 nt,
732 3333 813 3402 itai
828 3335 911 3399 nibil
930 3335 1021 3397 aliud
1034 3337 1084 3399 est
1097 3354 1198 3417 quam
1211 3332 1243 3408 i,

94 3424 243 3483 mutato
263 3436 339 3481 cum
361 3419 600 3501 significatione
618 3427 768 3484 accentu.
818 3418 903 3485 Illud
928 3419 1097 3504 iproprie
1120 3422 1245 3503 signifi·

93 3507 222 3571 cubat
240 3500 408 3652 μοζθοίοε
430 3502 478 3568 Ἦ
510 3532 555 3569 κεν
579 3503 709 3582 ’γηθήσαι
733 3505 871 3591 Πρίαμος
896 3504 1041 3590 Πριάμοιό
1069 3530 1102 3569 τε
1129 3506 1245 3571 παῖδες.

92 3590 273 3657 Manente
319 3610 358 3654 oc
382 3593 567 3673 significatu
589 3594 623 3655 in
647 3592 960 3674 interrogationibus
988 3594 1141 3676 usurpari
1163 3594 1246 3658 inci·

91 3678 246 3765 plebat:
263 3672 313 3739 ’H
327 3677 364 3759 ῥά
378 3682 408 3740 νύ
421 3680 472 3752 μοι’
488 3704 516 3742 τι
529 3676 648 3751 siboto:
671 3676 807 3742 Leniter
829 3678 906 3742 hinc
925 3678 1060 3742 deflexit
1082 3679 1244 3761 significa·

91 3768 165 3838 tio,
194 3768 236 3827 ut
250 3760 412 3827 indicaret
426 3762 586 3851 anforle:
604 3761 697 3828 Τίν’
712 3762 788 3842 αὖτ’,
808 3766 948 3847 αἰγιόχοιο
968 3762 1042 3827 Διὸς
1056 3767 1148 3838 τέκος,
1164 3766 1244 3835 silei-

90 3848 246 3921 λουῧας;
266 3844 315 3910 Ἦ
336 3850 380 3911 ’ἵνα
402 3850 477 3934 ὕβριν
498 3849 546 3935 ἴδῃ
565 3850 784 3925 Ἀγαμέμνονος
802 3848 974 3934 Ἀτρείδαος
1001 3848 1124 3916 Eodem
1148 3853 1245 3915 modo

90 3957 165 4005 nos
183 3938 222 3999 in
239 3934 291 3998 his
306 3935 413 3998 tribus
428 3938 586 4021 exemplis
603 3954 677 4001 eam
699 3938 895 4020 particulam
910 3943 1024 4002 nostra
1039 3935 1121 4003 moll
1132 3938 1244 4021 expri-

90 4039 285 4109 meremus,
309 4022 343 4084 in
364 4023 465 4085 tertio
486 4024 637 4106 exemplo
659 4026 761 4087 etiam
781 4043 840 4107 per
855 4032 947 4089 elwa.
992 4020 1073 4089 Haec
1090 4023 1243 4101 dubitan-

89 4112 146 4177 tis
177 4109 450 4189 interrogationis
472 4111 668 4192 significatio
696 4109 848 4179 traducta
871 4117 921 4175 cst
940 4110 1058 4176 deinde
1074 4108 1176 4172 etiam
1200 4112 1244 4177 ad
1337 4151 1340 4157 -

88 4198 196 4263 alias
227 4192 395 4267 formulas,
423 4200 461 4259 ut
485 4198 613 4282 πότερον,
635 4196 667 4269 ἢ,
688 4196 746 4260 ubi
769 4194 881 4261 Latini
909 4218 965 4272 aa,
986 4215 1045 4261 nos
1066 4195 1197 4275 longius
1221 4198 1312 4267 slat

89 4278 243 4349 Graecis
271 4282 456 4346 recedentes
489 4280 565 4347 oder
591 4284 740 4350 dicimus.
798 4280 945 4350 Indidem
974 4282 1056 4347 talia
1086 4287 1176 4356 sunt,
1204 4291 1244 4349 ut

86 4366 211 4443 Ἠμὲν
228 4368 373 4431 ἀνακλῖναι
385 4366 500 4433 ωνκννὸν
514 4372 604 4451 νέφος,
628 4369 674 4435 ’ἧδ’
688 4368 836 4447 ἐπιθεῖναι,
852 4373 886 4437 id
900 4376 963 4444 est,
976 4365 1056 4443 sivit,
1070 4364 1147 4434 title.
1176 4366 1243 4433 Ne·

86 4474 169 4539 que
195 4448 263 4525 aiil,
288 4461 320 4518 ct
344 4454 543 4537 significans,
571 4455 672 4520 aliam
698 4458 799 4522 babet
827 4459 1008 4541 originem:
1034 4454 1122 4536 quod
1146 4455 1244 4521 initio

85 4546 180 4612 erat
213 4536 266 4603 vel
291 4538 401 4607 etiam.
447 4540 512 4606 Sed
541 4543 665 4608 nudum
693 4544 713 4614 ἢ
742 4564 845 4627 quum
873 4548 959 4611 esset
988 4562 1032 4607 aa
1042 4538 1146 4629 forte,
1169 4560 1246 4607 mox

84 4630 216 4711 etiam
231 4624 284 4697 vel
295 4634 331 4699 et
343 4636 402 4697 dut
412 4630 597 4719 significare
610 4638 725 4721 toeplt,
741 4630 791 4718 Ἣ
807 4631 880 4715 τεὸν,
899 4628 1069 4713 ἢΑἵοντος,
1090 4630 1170 4716 quia
1184 4630 1247 4703 hoc
