3117 5175
326 392 389 470 208
568 403 570 413 ¹
601 399 856 476 arlomruort,
867 401 923 468 DE
942 387 1208 466 nestoriana

256 585 320 653 237
327 578 581 662 vituperavimus
596 575 631 640 in
646 574 794 642 Gramm.
807 596 841 659 p.
854 571 929 640 252.
946 575 1095 660 quamvis
1121 575 1185 636 hoc
1198 571 1271 636 sito
1288 575 1447 655 conjuga·

296 701 299 704 -
324 666 413 728 tione
426 666 462 728 in
476 691 521 739 m.
566 662 731 728 Nimirum
749 663 874 727 Aoristi
891 664 939 727 illi
964 663 1058 739 ἔγνων,
1082 661 1165 732 ἐβίω
1186 678 1260 722 cum
1277 662 1350 724 aliis
1374 663 1447 745 qni·

323 750 460 814 busdam
474 751 643 835 propriam
658 751 722 814 sibi
737 749 905 814 vindicant
925 750 1071 812 litteram
1085 773 1120 819 o,
1141 745 1231 808 unde
1245 751 1291 808 est
1306 748 1445 820 ἓγιωμεν,

322 836 558 913 lotometra,
571 857 646 901 cum
659 839 703 900 ab
716 836 783 899 lios
803 834 904 920 (quod
925 835 1033 919 ipsum
1055 834 1190 917 ponitur
1217 837 1355 904 tantum,
1373 851 1445 896 oon

321 921 503 1000 invenitur)
525 925 582 987 liat
595 923 704 997 ἔδομεν,
730 922 818 1002 ἔδοτε,
840 921 941 985 δοῦναι.
985 917 1075 984 Hinc
1092 923 1244 1001 apparet,
1267 920 1444 1000 optativum

322 1005 407 1086 δοίην,
421 1013 459 1072 ut
473 1016 508 1073 et
522 1009 735 1092 participium
750 1006 824 1081 δοὺς,
840 1007 945 1080 δόντος,
967 1026 1034 1070 ιιοιι
1054 1024 1116 1068 usu
1138 1005 1245 1067 solum
1259 1004 1318 1066 sed
1338 1007 1441 1069 analo·

320 1093 378 1174 gia
392 1096 494 1160 tribui
516 1097 616 1160 verbo
636 1094 736 1173 δοῦναι,
758 1102 871 1158 contra
892 1094 996 1168 γνοίην,
1018 1088 1100 1166 «γνοὺς
1120 1089 1220 1154 verbo
1242 1097 1344 1164 γνῶναι
1366 1111 1438 1155 nun·

321 1180 386 1242 nisi
416 1199 487 1244 usu.
547 1180 707 1254 Quocirca
729 1181 811 1246 nihil
834 1180 1003 1245 mirumst
1033 1177 1140 1259 magis
1168 1195 1347 1258 congruum
1369 1177 1444 1241 illud

322 1267 411 1350 γνῲην
434 1268 522 1351 apud
541 1270 661 1352 probos
682 1268 783 1332 etiam
812 1267 987 1349 scriptores
1006 1263 1164 1336 occurrit,
1186 1264 1215 1325 si
1241 1263 1325 1347 βιᾴηι
1348 1261 1446 1344 (quod

320 1369 494 1435 perperam
522 1356 617 1435 quasi
640 1354 747 1418 rarius
774 1372 816 1417 ex
843 1351 1063 1436 Aristophane
1084 1347 1222 1412 affertur
1246 1348 1286 1410 ab
1311 1345 1444 1430 Etymo·

321 1436 411 1523 logo)
424 1441 520 1505 unice
534 1446 696 1504 retentum
710 1446 772 1512 est,
796 1439 937 1523 denique
949 1440 976 1500 si
990 1435 1159 1520 participii
1174 1435 1286 1506 etiam,
1296 1437 1444 1518 quamvis

321 1525 467 1601 unicum,
490 1547 549 1610 per
562 1554 585 1589 ω
599 1527 784 1610 exemplum
810 1522 963 1608 καταβςὼς
982 1524 1025 1586 ab
1046 1524 1134 1605 ἕβρων
1158 1520 1247 1604 apud
1269 1518 1444 1584 Homerum

322 1609 501 1676 invenitur.
555 1611 675 1678 Forma
696 1619 807 1677 autem
835 1609 1026 1693 imperativi
1051 1611 1161 1681 βιώτω,
1183 1625 1284 1692 quam
1306 1607 1449 1670 doricam

322 1704 417 1761 vocat
431 1696 637 1774 Eustathius,
662 1719 727 1764 non
752 1698 859 1778 magis
881 1703 932 1761 est
955 1697 1068 1764 dorica
1090 1711 1192 1775 quam
1218 1699 1337 1756 ceterae
1357 1694 1448 1756 rerbi

322 1779 421 1865 hujus
435 1785 575 1850 usitate.
621 1784 710 1868 Quip
767 1785 917 1864 legitima
931 1783 989 1845 illa
1003 1786 1055 1845 est
1067 1780 1177 1843 torma
1198 1779 1391 1862 imperativi
1412 1780 1450 1842 ab

321 1867 455 1936 Aoristo
478 1875 570 1946 ἐβίων,
592 1878 630 1936 ut
652 1879 709 1947 γνῶ
732 1897 751 1950 ι,
772 1873 872 1945 ’γνώτω
894 1869 937 1932 ab
957 1869 1065 1941 ’ἐγνωνς
1094 1871 1210 1930 contra
1235 1870 1347 1938 ssvatrn
1369 1876 1449 1930 meet

322 1950 369 2018 Im
414 1959 538 2022 rativus
554 1958 727 2022 Praesentis
743 1975 764 2020 a
778 1957 858 2030 βιόω,
872 1960 911 2017 ut
924 1953 1054 2019 δηλούτω
1076 1972 1097 2015 a
1110 1951 1217 2017 δηλόω.

365 1975 529 2130 (Ξῒιίοιριίἀ
551 2046 656 2124 igitur
667 2045 709 2107 de
721 2040 886 2106 communi
914 2042 1061 2103 omnium
1084 2039 1202 2100 harum
1216 2057 1278 2121 per
1291 2064 1316 2099 a
1331 2039 1449 2100 torma-

321 2145 393 2190 rum
417 2131 543 2210 origiue
564 2134 690 2194 statuas
703 2129 792 2212 (quoe
814 2128 976 2191 neminem
1004 2125 1092 2206 tagit
1121 2142 1221 2208 quam
1250 2125 1300 2188 eit
1328 2126 1451 2188 lubrica

320 2217 488 2299 quaeslio),
505 2217 586 2279 illud
601 2222 687 2281 certe
708 2215 835 2297 liquido
851 2212 1064 2292 intelligitur,
1086 2222 1264 2293 perosum
1287 2214 1325 2272 et
1347 2213 1450 2273 analo-

249 2315 260 2336 ¹
320 2298 410 2377 giam
424 2303 531 2382 ipsam
544 2303 728 2382 disjunctos
742 2320 813 2365 esse
827 2300 990 2383 optativus
997 2298 1083 2360 'istos
1094 2298 1136 2360 ab
1158 2297 1225 2361 illis
1240 2300 1344 2381 ῥιγῶν,
1357 2299 1448 2379 pria,
1539 2348 1541 2361 .

320 2389 406 2446 recte
435 2386 537 2466 igitur
557 2406 618 2468 pro
649 2405 728 2449 meae
749 2385 883 2468 quidem
901 2384 1122 2466 grammatice
1142 2384 1286 2446 consilio
1314 2401 1371 2446 me
1388 2383 1452 2446 lm

322 2474 559 2553 segregavere.
614 2470 740 2551 Neque'
756 2473 818 2536 hoc
838 2472 958 2554 opinor
979 2471 1061 2533 vitio
1088 2469 1170 2532 mihi
1199 2470 1290 2532 verti
1320 2471 1450 2552 poterit,

250 2557 411 2635 238quod
432 2556 602 2622 AttIeistas
626 2563 756 2622 secutus
784 2557 928 2621 formam
958 2556 1030 2642 ipim
1050 2556 1230 2620 acrioribus
1258 2563 1451 2639 uuarpatan
1539 2578 1541 2620 ;

323 2642 487 2708 damnavi.
531 2642 676 2707 Primum
694 2646 794 2717 enim,
816 2650 855 2707 ut
875 2644 972 2707 modo
992 2644 1099 2716 docui,
1122 2643 1190 2705 alis
1211 2646 1266 2705 est
1287 2645 1378 2705 ratio
1396 2644 1451 2705 ltu·
1539 2635 1541 2660 '

319 2729 376 2809 jus
392 2728 463 2814 δῴην
478 2749 499 2793 a
513 2728 616 2802 δοῦναι,
638 2731 705 2793 alia
719 2731 810 2793 illius
823 2729 914 2813 γνῲην
927 2748 947 2793 a
961 2736 1085 2803 sudeam
1101 2735 1141 2791 ‘et
1160 2731 1187 2791 si
1200 2728 1352 2791 formam
1366 2733 1450 2803 „alu

321 2814 357 2877 in
371 2817 719 2880 indice'anomalorum
732 2817 776 2880 ad
790 2817 923 2880 verbum
945 2817 1090 2890 γιγνώσκω
1104 2833 1170 2878 ιιοιι
1183 2815 1360 2885 adnotari,
1379 2817 1450 2895 eJns

278 2977 282 2983 A
321 2902 370 2964 rei
394 2902 461 2966 haec
481 2912 533 2965 eat
554 2920 664 2973 causa,
687 2904 775 2984 quou
798 2904 968 2966 innumera
989 2902 1087 2982 hujus
1108 2903 1240 2981 generis
1263 2903 1405 2975 rafiam,
1418 2903 1450 2963 in

321 2987 388 3051 illia
404 2995 534 3052 tantum
549 2989 681 3071 scriptis
696 3007 769 3069 quae
784 2988 948 3052 tironibus
971 3006 1038 3050 non
1062 2988 1239 3051 traduntur
1253 2987 1369 3066 obvia,
1382 3006 1453 3051 oon-

320 3073 407 3137 sulto
422 3076 580 3159 preterii,
603 3075 818 3137 fundamenta
831 3075 952 3157 quibus
965 3073 1047 3137 talia
1065 3076 1217 3137 nituntur
1230 3073 1367 3137 tradere
1380 3094 1452 3138 oon-

319 3162 442 3223 teutus.
488 3160 628 3233 Deinde,
643 3178 830 3241 quanquam
845 3160 914 3223 illis
935 3160 991 3239 qui
1017 3159 1079 3223 hoc
1091 3162 1192 3222 etiam
1208 3159 1283 3244 &pier
1303 3176 1367 3243 pro
1381 3160 1454 3223 aa.

320 3244 497 3311 aDoribus
512 3252 675 3310 arcessant
694 3246 832 3309 minime
853 3246 1057 3326 refragabor,
1080 3244 1149 3313 haec
1173 3252 1287 3309 tamen
1300 3247 1455 3327 opinior

320 3329 506 3396 damnanda
535 3332 595 3395 hac
615 3333 723 3395 forma
744 3332 885 3395 retinere
906 3350 959 3394 me
986 3350 1053 3394 nou
1080 3332 1205 3396 debuit.
1262 3328 1343 3395 Non
1364 3334 1457 3395 enirn

320 3413 392 3493 hoc,
421 3426 515 3499 puto,
544 3419 697 3497 cuiquam
725 3417 839 3481 forme
868 3418 1105 3499 patrocinatur,
1133 3418 1221 3497 quod
1246 3436 1289 3481 ex
1317 3417 1457 3482 dialecti

319 3500 459 3583 alicujus
495 3504 657 3583 analogia¹
677 3503 794 3567 fluxit·
838 3502 982 3566 Atticam
1010 3503 1186 3567 dialectum
1215 3511 1458 3586 representare

319 3588 473 3651 volebant
496 3590 688 3672 posterioris
702 3592 771 3653 aeri
784 3587 912 3654 Greci:
935 3589 1194 3672 reprehendendi
1215 3591 1322 3670 igitur
1342 3596 1457 3662 eant,

319 3676 446 3751 quoties
468 3674 583 3738 formis
601 3676 711 3739 atticis
725 3676 853 3740 alienas
873 3676 1107 3749 immiscerent,
1127 3682 1248 3759 praeter
1270 3676 1348 3739 illas
1368 3694 1459 3757 qnae

320 3758 391 3840 ipsc
406 3760 830 3840 antiquiorumAtticorum
850 3764 1032 3826 adsciverat
1045 3780 1146 3833 usus;
1169 3758 1374 3843 deteriorque
1396 3768 1460 3823 est

320 3842 524 3929 sormaicims,
547 3848 648 3912 donec
672 3853 785 3911 eontra
809 3846 982 3912 Atticistas
1005 3847 1079 3910 illos
1100 3867 1143 3911 ex
1167 3845 1315 3928 AEschylo
1327 3847 1462 3910 aliisve

320 3932 522 4011 probaveris,
546 3932 631 3999 hunc
653 3952 784 4017 quoque
805 3932 995 3998 Dorismum
1009 3932 1131 3997 Atticis
1145 3935 1287 4014 antiquis
1300 3932 1464 3997 alienum

321 4032 386 4079 non
399 4018 523 4093 luisse;
545 4022 632 4102 quod
658 4022 715 4083 illo
741 4022 831 4105 νγνῲην
856 4039 922 4084 ιιοιι
942 4020 1023 4083 effici
1038 4038 1139 4102 supra
1150 4019 1300 4083 vidimus.
1346 4016 1462 4091 Quid,

270 4130 277 4147 ν
321 4104 409 4183 quod
425 4124 464 4167 ne
480 4103 624 4171 Doribus
638 4106 770 4186 quidem
785 4107 845 4170 hoc
867 4106 939 4190 epm
962 4106 1124 4170 usitatum
1138 4106 1242 4169 fuisse
1257 4108 1331 4169 sine
1342 4124 1466 4168 exem·

321 4189 385 4269 plis
400 4193 450 4254 vel
466 4192 664 4256 testimoniis
691 4192 768 4275 poni
793 4196 912 4274 potest,
928 4210 1067 4272 quorum
1090 4194 1161 4255 loco
1183 4193 1348 4254 seriorum
1361 4192 1466 4255 Grae·

277 4348 281 4357 Ι
320 4292 432 4339 corum
448 4296 563 4353 usum,
583 4280 764 4362 prasertim
785 4278 1039 4342 reclamantibus
1060 4275 1309 4358 Grammaticis,
1332 4279 1468 4342 habers

321 4362 489 4426 nonlicet.

364 4444 403 4509 ln
418 4452 580 4514 comitem
594 4452 699 4532 magis
714 4450 815 4515 etiam
837 4468 858 4513 a
882 4453 967 4516 viro
980 4452 1075 4517 docto
1099 4450 1246 4523 discedo,
1268 4449 1363 4533 qnod
1387 4450 1467 4513 nbi-

251 4534 312 4605 239
321 4548 448 4613 cunque
464 4560 486 4619 ῳ
500 4554 559 4620 pro
574 4563 596 4599 o
613 4540 645 4601 in
667 4536 777 4600 verbis
800 4543 978 4621 comparet,
1001 4556 1043 4601 ex
1061 4536 1177 4625 eadem
1194 4538 1280 4601 illud
1295 4538 1463 4618 analogia

320 4620 452 4702 repetit,
478 4640 582 4703 eoque
605 4620 879 4708 Xenophonteum
905 4625 986 4691 illud
1013 4631 1158 4711 μεμνῷτο,
1178 4642 1253 4708 *pro
1271 4618 1348 4709 quo
1366 4620 1461 4708 apud
