3117 5175
549 409 775 500 isaaooe.
1189 425 1227 489 13
1336 506 1339 511 ¹

104 607 125 638 ⁴⁸
138 579 198 679 qua
211 603 345 672 careret,
371 603 399 665 si
421 605 584 678 abessent,
606 606 726 668 addere
749 602 899 668 omnibus
922 587 1059 676 eonstat,
1080 592 1137 678 qni
1163 595 1224 660 At·

104 693 124 723 “
140 687 201 749 tioo
215 687 357 761 sermoni
379 708 475 756 aures
497 693 652 757 adsuetas
679 689 834 755 habent.”
880 683 1080 750 Monendum
1095 692 1222 754 tamen,

103 772 264 854 plerosque
288 793 413 851 eorum,
441 779 497 857 qui
526 781 588 843 hoc
615 777 826 848 tradiderint,
863 772 970 852 magis
1007 769 1223 849 ambiguitate

104 859 268 921 verborum
283 878 360 922 usos
382 865 561 944 ἑναντιοφανῆ
573 864 762 948 protulisse,
785 879 886 943 quam
901 873 982 921 vero
992 856 1102 938 lapsos
1116 873 1225 918 errore

104 941 231 1006 ἀδύνατα.
276 942 333 1008 Sia
357 943 497 1013 Budaeus
516 959 692 1034 postquam
705 951 824 1013 docere
849 943 1004 1028 instituit,
1030 940 1227 1023 particulam

104 1025 335 1104 otiabundare,
358 1053 392 1115 p.
417 1033 492 1098 549.
509 1037 616 1101 addit:
641 1045 664 1075 “
681 1025 1231 1099 rorasseautemconvenienous

105 1121 126 1152 “
140 1122 188 1179 est
212 1115 333 1196 dicere,
356 1120 389 1182 τὸ
414 1119 458 1184 οὖν
483 1141 555 1186 esse
579 1120 898 1206 ωαραπλπρωματικόν,
932 1132 1032 1195 quam
1053 1136 1101 1174 ara
1118 1110 1231 1173 ε’λκον.”
1319 1142 1323 1147 ·

105 1197 179 1263 Mox
199 1206 313 1266 tamen
340 1204 445 1269 idern:
478 1217 502 1246 “
526 1208 571 1272 At
591 1228 668 1272 vero
683 1208 751 1271 haec
775 1204 938 1290 particula
960 1197 1075 1264 Ionioe'
1095 1223 1131 1260 ων
1151 1195 1232 1260 diei·
1258 1236 1265 1249 ι

104 1293 124 1323 “
138 1291 201 1365 tul,
230 1294 264 1354 et
294 1307 382 1373 saepe
417 1293 507 1376 apud
537 1292 740 1359 Herodotum
774 1312 852 1356 non
875 1289 971 1353 modo
999 1286 1151 1369 παρέλκει,
1173 1281 1231 1346 sed
1302 1322 1307 1328 -

105 1379 124 1410 “
140 1374 241 1437 etiam
274 1375 362 1440 inter
391 1380 659 1462 praepositionem
681 1386 716 1443 et
737 1379 871 1444 uerbum
892 1372 1110 1456 compositum
1126 1369 1231 1432 inter·
1340 1414 1343 1424 .

103 1463 124 1494 ⁴‘
138 1461 302 1540 ponitur.''
347 1460 428 1528 Haee
452 1467 503 1529 vel
530 1459 720 1531 inconstans
741 1455 792 1528 vel
818 1483 840 1528 a
867 1481 945 1526 vero
972 1459 1128 1522 aberrans
1150 1473 1233 1538 pra-

103 1546 208 1626 ceptio
231 1564 297 1610 non
320 1551 404 1612 satis
424 1553 597 1634 perspicue
619 1552 826 1632 redarguitur
857 1568 878 1612 a
911 1547 992 1630 viris
1023 1543 1140 1619 doctis,
1172 1541 1231 1620 qui

102 1632 285 1716 ἀκριβέστερα
306 1636 435 1699 tradere
449 1640 568 1701 sciunt.
611 1635 698 1701 Nam
713 1637 793 1719 qnid
808 1632 940 1719 prodest
952 1627 1121 1704 studiosis,
1144 1625 1234 1706 quod

101 1734 127 1776 v.
141 1738 170 1780 e.
188 1714 323 1781 Brunek
345 1723 379 1783 in
402 1720 632 1806 Aristophanis
648 1722 755 1786 indiae
768 1723 851 1806 dicit
864 1717 925 1792 μὴν
939 1723 974 1782 et
988 1741 1030 1779 τοι
1045 1732 1117 1777 esse
1129 1711 1234 1797 porti-

102 1799 187 1864 adas
202 1801 386 1888 eaptelivos.
432 1807 520 1872 Nam
536 1815 695 1892 praterea
709 1829 749 1872 ne
763 1808 899 1873 verbum
912 1802 1057 1884 quidem.
1087 1796 1236 1862 Eandem

102 1886 133 1948 in
147 1895 282 1969 partem
307 1898 421 1974 peccat
437 1891 589 1959 Reitzius
612 1897 655 1958 ad
670 1893 807 1958 Lucian.
830 1893 870 1956 de
890 1891 1000 1954 saltat.
1015 1887 1050 2034 J.
1065 1883 1098 1948 4.
1120 1884 1179 1946 ubi
1194 1884 1236 1947 de
1358 1938 1364 1943 .

103 1975 298 2053 pronomine
323 1976 364 2039 eoi
388 1982 563 2044 sententiis
584 1981 756 2060 interjecto
777 1997 893 2061 agens,
927 1974 1016 2038 later
1037 1989 1094 2034 am
1117 1979 1236 2043 aum,
1268 2041 1278 2050 .

102 2059 221 2139 inquit,
243 2080 309 2124 aon
326 2061 539 2147 pleonasmus,
566 2065 622 2129 sed
650 2065 805 2150 emptoris
826 2064 862 2127 in
884 2082 922 2126 eo
948 2059 995 2124 ira.
1025 2065 1084 2143 est.
1103 2064 1141 2118 ut
1162 2054 1236 2119 aa:

104 2145 196 2224 quasi
214 2147 284 2226 haeo
296 2148 396 2212 inter'
407 2170 442 2213 se
455 2157 611 2234 pugnent.
636 2149 725 2224 Quin
740 2154 844 2216 etiam
854 2146 1028 2229 Fischerus
1042 2142 1239 2223 quibusdam

105 2230 136 2292 in
150 2232 234 2294 locis
249 2233 388 2298 lectores
403 2237 542 2301 incertos
557 2238 651 2313 iacit,
672 2256 751 2301 num
765 2255 833 2318 qua
847 2237 909 2313 vis,
929 2253 973 2296 an
988 2231 1122 2293 omnino
1136 2229 1239 2304 nulla,

106 2316 138 2378 in
160 2317 363 2397 quibusdam
386 2322 495 2386 verbis
516 2325 608 2386 insit.
653 2320 691 2386 In
716 2322 890 2386 Animadv.
915 2316 1072 2382 enim‘ad
1099 2311 1237 2377 Welleri

106 2400 256 2467 Gramm.
269 2405 330 2468 iii.
347 2406 379 2470 b.
394 2407 496 2489 p.·3o.
518 2428 559 2470 ex
575 2406 734 2472 Herodot.
752 2401 827 2472 riti.
843 2407 897 2471 26.
920 2409 970 2467 οὐκ
993 2402 1133 2482 ἠνέσχετο
1156 2404 1239 2472 σιγῶν
1326 2469 1330 2476 q

106 2489 203 2552 uertit
239 2497 261 2524 “
284 2510 349 2554 ooo
373 2492 479 2557 tenuit
500 2492 675 2567 silentiam,
695 2505 754 2580 pro
779 2491 915 2565 siluit,·''
946 2507 1021 2554 cum
1047 2495 1159 2550 tamen
1181 2485 1241 2581 sit,

105 2594 167 2665 aeq
182 2574 324 2661 pertulit
339 2575 516 2653 silentiam,
538 2583 608 2645 sive
631 2601 695 2645 aaa
718 2578 827 2667 potuit
848 2576 912 2643 sibi
942 2585 1128 2660 temperare,
1147 2590 1241 2657 qula

107 2658 300 2745 loqueretur.
352 2662 449 2728 -Idem
477 2668 590 2749 paullo
619 2676 695 2750 post
724 2666 815 2743 ἀξιοῦν
842 2686 918 2728 cum
946 2662 1013 2739 alio
1039 2661 1140 2725 verbo
1169 2678 1243 2721 eon-

44 2816 45 2821 *
108 2754 272 2815 structum
288 2769 426 2832 prorsus
436 2753 578 2817 otiosum
596 2754 688 2827 feeit,
711 2762 748 2817 ut
767 2761 802 2816 et
816 2752 885 2814 alia
897 2751 1049 2829 deinceps
1063 2746 1242 2820 nonnulla3

108 2835 215 2915 magis
229 2836 290 2897 ille
304 2836 477 2901 brevitatis
492 2858 601 2919 causa,
615 2858 716 2929 quam
730 2839 818 2921 quod
834 2839 881 2900 sie
895 2837 963 2900 lieri
979 2841 1131 2917 oportere
1147 2836 1245 2914 puta·

107 2922 192 2983 verit
207 2922 314 2985 etiarn
327 2923 362 2984 in
375 2924 528 3005 diligenti
544 2932 577 2990 et
598 2929 732 3009 copiosa
745 2925 974 3008 explicatione.
1018 2917 1093 2983 Vid.
1107 2924 1143 2982 et
1157 2917 1245 2980 inira

107 3008 167 3069 sub
182 3010 238 3079 μὲν
253 3009 356 3089 verba
368 3008 533 3089 Dorvillii.
1236 3021 1238 3026 '

148 3094 179 3176 5.
210 3093 264 3159 12.
288 3092 478 3159 Tenendum
508 3097 698 3177 igiturest,
720 3096 805 3181 quod
830 3096 865 3158 in
886 3097 958 3157 tota
979 3095 1041 3156 hae
1061 3090 1243 3173 quastione

106 3180 265 3262 principii
299 3181 371 3245 loco
398 3185 562 3264 ponimus,
595 3185 721 3247 nullum
743 3181 879 3245 omnino
908 3179 1087 3242 verbuma
1106 3177 1247 3259 probato

107 3267 272 3349 scriptore
289 3264 405 3329 Graeco
426 3270 609 3350 proiectum
630 3290 701 3335 esse
724 3270 835 3339 inane,
862 3269 930 3330 sive
943 3266 1031 3345 quod
1045 3264 1129 3328 nihil
1143 3262 1248 3343 signi-

105 3352 191 3425 fieat,
215 3360 253 3417 et
268 3354 395 3417 nullam
409 3356 475 3417 vim
497 3356 617 3419 habeat
636 3355 715 3438 (nisi
729 3354 816 3419 forte
829 3373 889 3436 per
910 3353 1089 3432 jocumaut
1102 3347 1245 3431 exempli

107 3458 210 3502 eausa
236 3438 275 3502 id
303 3440 454 3523 iecerit);
485 3442 540 3504 sed
570 3444 682 3505 omnia
706 3442 813 3504 omnis
839 3440 968 3521 generis
1001 3438 1111 3509 uerba,
1144 3441 1247 3515 atque

108 3528 210 3589 etiam
228 3525 389 3597 minimas
405 3528 595 3608 particulas,
607 3530 728 3611 quibus
744 3528 841 3589 nullae
853 3527 890 3587 in
904 3522 1024 3587 Latina
1038 3524 1153 3603 lingua
1163 3529 1196 3584 et
1212 3521 1247 3583 in

110 3612 199 3684 aliis,
222 3610 347 3691 quibus
362 3632 448 3677 nunc
462 3614 639 3694 loquimur,
665 3613 787 3694 linguis
802 3612 885 3675 satis
898 3608 1130 3692 respondeant,
1153 3625 1248 3680 suam
1280 3616 1284 3621 “

109 3704 142 3760 et
157 3704 292 3762 certam
308 3699 428 3761 habere
443 3700 522 3771 vim,
544 3718 611 3780 qua
634 3698 759 3780 aliquid
774 3698 810 3760 in
832 3697 1061 3759 enuntiatione
1074 3693 1249 3756 definiatur

109 3787 193 3857 sire,
221 3783 317 3865 quod
336 3784 461 3859 dieunt,
482 3780 717 3849 determinetur
737 3794 796 3846 aut
817 3784 860 3844 ad
884 3782 1032 3844 animum
1056 3796 1249 3862 quoeunque

112 3876 205 3933 motu
231 3868 443 3933 afficiendum
468 3872 582 3953 aptius
604 3872 768 3934 reddatur.
814 3863 931 3931 latius
955 3869 1134 3948 hocpatet,
1159 3864 1249 3929 etad
1304 3898 1307 3902 ·

110 3964 242 4019 ceteras
258 3957 360 4019 etiarn
376 3957 505 4037 linguas
527 3957 685 4039 pertinet,
707 3974 789 4037 quas
814 3951 847 4041 §.
871 3952 905 4016 2.
929 3954 1167 4016 indicavimus:
1191 3949 1249 4013 sed

112 4044 154 4105 ad
170 4042 253 4105 illas
268 4040 357 4106 diota
384 4049 498 4107 nostra
511 4043 633 4106 referre
648 4049 682 4106 et
696 4042 737 4104 de
752 4040 951 4123 pleonasmis
970 4040 1123 4103 universe
1142 4038 1249 4121 philo·
1350 4105 1354 4116 .

112 4128 256 4217 sophari
275 4130 450 4193 noluimus.
493 4126 689 4201 Quotninus
711 4134 823 4193 autern
845 4128 906 4191 hoe
927 4126 1063 4191 dubium
1088 4123 1250 4192 videatur,

111 4217 201 4293 quod
233 4220 276 4276 ut
304 4218 522 4279 certissimum
549 4218 714 4299 ponimus,
752 4213 903 4295 quaedam
930 4213 1032 4276 etiam
1060 4209 1179 4274 licebit·
1194 4206 1251 4269 ad·

113 4299 205 4363 dere.
256 4298 334 4363 Non
363 4303 468 4365 solum
499 4301 658 4376 homines,
687 4300 744 4365 sed
773 4318 815 4363 ne
848 4300 964 4363 bestiae
991 4298 1124 4379 quidem
1151 4312 1251 4369 sonos

114 4406 196 4451 vooe
214 4404 281 4451 sua
293 4386 404 4467 edunt,
430 4388 494 4451 nisi
510 4408 529 4449 e
544 4386 642 4451 sensu
657 4387 811 4468 quodam,
833 4406 899 4469 quo
911 4386 1021 4470 affeeti
1037 4384 1122 4445 istuc
1135 4380 1251 4462 impel-

115 4472 235 4537 luntur
270 4481 390 4537 natura
427 4493 494 4537 sua.
541 4471 638 4537 Hune
659 4492 790 4537 sensum
822 4473 858 4536 in
891 4470 1080 4534 hominibus
1109 4464 1252 4548 produnt

114 4560 256 4641 verba.=
284 4556 610 4632 sedurconeedan.
627 4561 728 4623 etiarn
743 4578 855 4623 serere
877 4565 911 4621 et
935 4556 1079 4633 cogitate
1105 4553 1252 4642 loquenti

114 4651 249 4711 temere
273 4647 451 4729 aliquando
468 4646 600 4719 uerbum
626 4646 775 4715 excidere
796 4663 905 4730 posse,
926 4659 992 4723 quo
1017 4638 1253 4723 nallasigniti·
