3117 5175
354 489 365 500 ,
432 428 675 493 resonasse
694 390 1035 496 Anvssmonum‘
1227 426 1286 495 101

163 590 307 661 busloois
320 596 498 677 similibus,
510 596 708 686 utXenoph.
725 596 797 674 OEc,
810 602 857 666 ix.
875 598 923 664 12.
945 596 988 662 Τι’
998 598 1027 663 ιε’
1037 604 1052 665 i
1067 590 1175 665 Simili
1192 600 1290 673 modo

161 678 251 744 mars
275 690 487 752 statuendum
500 688 643 753 vidimus
662 690 702 753 de
721 690 766 751 isa
789 690 830 751 ri.
876 684 952 750 Vid.
969 684 1050 752 INA
1065 692 1149 751 extr.
1186 687 1290 753 Addit

43 777 44 782 ’
161 744 343 834 cicindeli:
369 772 476 839 “Sed
498 775 763 857 quandoquidem
791 778 821 837 rt
835 774 895 847 niv
910 772 1095 837 affirmandi
1111 772 1160 837 vel
1176 776 1287 857 potius
1340 850 1344 857 ,

45 863 46 870 ’
162 858 183 891 “
203 854 416 923 confirmandi
439 864 638 945 potestatem
661 861 796 945 praetert
819 871 940 925 natura
960 880 1045 933 sua;
1069 878 1148 925 usus
1169 862 1288 936 voluit,

160 940 181 977 “
200 958 275 1021 quse
285 951 365 1008 sunt
378 940 611 1012 vocabulorum
633 947 717 1019 iata,
739 952 778 1009 ut
793 948 896 1010 etiem
910 946 1098 1009 adhibitum
1113 946 1205 1011 sitin
1221 946 1287 1013 dio·

159 1032 180 1064 ‘⁴
199 1028 346 1094 tionibus
360 1033 554 1117 simpliciter
565 1034 831 1106 assentientium,
856 1036 893 1095 ut
918 1051 970 1116 ap.
988 1032 1128 1098 eundem
1149 1034 1184 1097 in
1199 1030 1290 1098 Phre-

158 1114 178 1149 “
197 1112 270 1187 (iro,
288 1162 297 1181 .
316 1162 325 1179 .
344 1164 352 1181 .
369 1119 425 1182 ubi
440 1113 579 1183 Phoedro
592 1120 724 1201 roganti
734 1114 833 1203 ‘Opes
851 1114 895 1181 οὖν
911 1120 1014 1186 ἐκείνην
1026 1120 1080 1185 τὴν
1095 1119 1291 1194 ὑψηλοτάτην

158 1204 180 1238 “
199 1203 372 1278 andrasum
390 1251 399 1268 .
417 1253 426 1267 .
445 1252 453 1269 .
469 1205 665 1291 respondet:
699 1201 742 1268 Ti
753 1206 834 1279 μήνς
859 1201 986 1277 Quidni
997 1210 1012 1271 t
1047 1202 1090 1267 Et
1194 1214 1290 1288 rogat

156 1287 179 1322 ‘⁸
197 1284 370 1353 Socrates:
394 1290 447 1355 An
468 1290 516 1378 ig.
531 1290 593 1367 uis,
606 1301 644 1357 ut
659 1310 832 1355 sessionem
847 1289 907 1354 tibi
919 1288 1067 1379 referum,
1112 1312 1182 1355 uem
1195 1308 1292 1380 super

158 1378 181 1411 ‘⁸
201 1370 409 1443 hirundini?
429 1374 620 1461 Respondet
635 1377 815 1441 Pbaedrus:
837 1374 878 1439 Ti
899 1376 977 1451 osis:
1010 1374 1078 1449 Qui
1113 1376 1196 1443 ni'i”
1217 1376 1290 1446 Imo

153 1474 230 1522 sero
253 1463 369 1551 eadem
391 1467 537 1545 graviter
559 1464 742 1529 affirmandi
772 1464 972 1545 significatio
1001 1470 1052 1527 est
1076 1472 1217 1546 utroque
1252 1468 1288 1531 in
1380 1490 1383 1497 ¹
1500 1469 1512 1499 '

156 1543 238 1610 loeo.
282 1544 320 1612 ln
346 1552 449 1647 priori
471 1553 703 1635 supplendum:
728 1548 804 1615 ἄλλο
829 1556 945 1624 μᾶλλον
967 1552 1075 1634 spon?
1122 1548 1289 1623 Quidnam

156 1628 249 1695 uliud
266 1654 374 1722 mogus
398 1634 548 1702 videam?
581 1639 631 1702 Ac
655 1639 760 1701 multo
785 1638 946 1719 liquidius
972 1616 1133 1703 aifinnase
1156 1646 1289 1724 poterat

154 1712 322 1794 Pbaedrus,
349 1742 385 1787 se
406 1724 518 1790 sidere
537 1725 628 1789 illem
657 1724 809 1787 arborem
836 1724 901 1786 sibi
930 1730 1161 1800 monstratam,
1188 1744 1287 1808 quem

153 1798 280 1869 Ginuoo
295 1806 336 1873 de
351 1809 520 1876 laboribus
539 1814 674 1892 utrique
687 1812 780 1874 sexui
796 1808 1017 1890 assignandis,
1033 1810 1221 1895 dequibus,
1248 1820 1288 1878 ut

151 1886 304 1958 Socrates
318 1894 391 1979 ipse
407 1899 521 1961 statim
536 1898 672 1983 exeipit,
694 1903 729 1961 et
742 1904 780 1960 ut
794 1895 930 1961 aliunde
943 1896 1046 1961 etiam
1068 1904 1212 1971 constat,
1228 1900 1287 1963 bo·

149 1977 257 2041 mines
272 1980 395 2062 singuli
407 1988 442 2047 et
456 1983 613 2047 universos
628 1984 778 2047 nationes
790 1982 1037 2047 dissentiebant.
1082 1980 1176 2047 Alter
1198 1986 1289 2051 locus

147 2064 210 2127 soi.
226 2084 260 2128 x.
272 2086 306 2149 p.
320 2066 396 2147 376.
413 2070 523 2134 minus
536 2077 658 2134 certam
675 2070 776 2133 habet
791 2069 939 2151 graviter
952 2068 1137 2133 affirmandi
1153 2076 1286 2136 notam:
1321 2098 1327 2113 ν

146 2149 202 2213 sed
233 2158 348 2218 tamen
372 2172 433 2221 neo
461 2157 497 2219 in
522 2158 721 2221 contrariam
743 2162 873 2239 partem
895 2154 1115 2238 suspicionem
1139 2158 1285 2237 prebet:

143 2238 306 2305 audiendi
321 2242 409 2305 enim
427 2243 522 2307 iliius
538 2244 699 2307 sermonis
713 2262 749 2307 se
773 2238 931 2323 cupidum
954 2242 1100 2305 ostendit
1113 2240 1284 2307 Phaedrus.

146 2320 307 2391 Ocnrrrit
320 2336 430 2391 autem
445 2329 543 2404 τίμήν
558 2330 628 2393 eod.
644 2329 679 2392 in
692 2327 769 2391 dial.
787 2328 920 2409 sepius,
934 2332 973 2390 ut
987 2345 1019 2410 p.
1032 2324 1109 2392 364.
1125 2326 1200 2391 377.
1211 2328 1286 2394 389.

141 2415 179 2473 et
201 2420 308 2485 ante;
346 2431 451 2495 neque
476 2416 544 2478 uilo
572 2417 645 2480 loco
662 2412 788 2497 frigida
807 2412 940 2477 uidetur
962 2414 1074 2495 gravis
1097 2415 1284 2481 affirmatio.

142 2494 262 2563 atium
276 2500 382 2563 locum
398 2520 430 2564 r.
447 2501 507 2564 sab
522 2498 588 2566 O‘i‘
601 2500 637 2563 S.
652 2500 685 2564 3.

186 2583 452 2671 alapenses
475 2595 620 2653 soterum
640 2588 738 2652 claris
764 2582 1079 2666 interrogationibus
1100 2588 1287 2670 comparari

139 2668 207 2744 μὴν
220 2678 335 2756 potest
349 2693 424 2738 eum
439 2675 528 2748 ἐτεὸν,
542 2675 705 2755 vertique,
726 2674 778 2736 uel
800 2669 919 2756 reipsa,
933 2669 964 2735 si
981 2687 1088 2733 unum
1102 2669 1284 2756 querimus,
1345 2733 1349 2744 ,

137 2757 192 2821 sei
208 2759 342 2826 usitata
355 2761 415 2823 iila
427 2761 561 2842 gratim
574 2760 732 2824 instantis
752 2759 916 2842 particula
930 2775 1021 2820 nero.
1067 2753 1184 2819 Priora
1208 2777 1286 2826 oon-

135 2848 287 2910 veniunt
309 2846 418 2910 serbis
437 2843 724 2930 Xenophontis‘H.
741 2843 802 2908 Gr.
819 2845 862 2908 vi.
877 2845 910 2919 3,
930 2841 976 2906 13.
1011 2837 1054 2903 Ti
1073 2841 1133 2915 nis
1156 2842 1288 2918 ἥκομενι

133 2937 171 2994 et
193 2929 240 2995 Ti
252 2933 320 3005 μήν
342 2935 442 2995 iamsi
461 2933 625 3016 posterius
650 2933 731 2997 iocis
746 2932 834 3004 aliis,
862 2935 901 2992 ut
925 2925 999 3010 Cyri
1022 2925 1111 2992 Disc.
1130 2929 1152 2991 i.
1170 2927 1202 3001 6,
1229 2929 1284 2996 28.

130 3013 193 3081 Hi.
207 3020 232 3082 i.
248 3019 311 3084 31.
334 3016 491 3093 Koinius
506 3021 565 3104 qui
587 3022 618 3082 ei
631 3020 691 3098 uis
703 3017 843 3100 attingit
858 3015 893 3080 in
909 3015 1048 3096 Gregor.
1059 3033 1094 3098 p.
1112 3012 1182 3080 109.
1198 3012 1240 3081 de
1253 3019 1286 3084 ri
1303 3052 1306 3062 v

129 3107 211 3188 ejus
234 3106 329 3172 nibil
344 3107 465 3192 prodit.

597 3215 843 3294 ΟΠΩΣΟΎΝ.

170 3352 393 3438 Hoogeveen
409 3354 451 3418 ad
466 3351 543 3436 Vig
558 3354 616 3419 vii.
638 3353 688 3428 11,
699 3348 731 3417 7.
746 3351 1003 3418 interiormuiss
1016 3351 1157 3434 negandi
1173 3355 1289 3421 retulit

121 3440 277 3516 adaunot:
293 3444 434 3505 ὁπωσοῦν.
470 3439 551 3504 Hoc
565 3443 592 3504 si
607 3461 628 3504 e
641 3441 713 3504 ioco
726 3446 818 3504 certo
833 3443 963 3516 sumsit,
991 3439 1222 3520 gravissimum
1249 3443 1285 3505 in

118 3545 167 3592 eo
189 3529 372 3592 babemus
394 3528 633 3609 pleonasmum,
656 3527 797 3590 similem
819 3535 861 3614 τῷ
875 3531 935 3590 πᾶς
956 3529 1091 3588 ὁστισοῦν.
1136 3521 1227 3607 (Vid.
1243 3551 1288 3590 τις
1373 3579 1377 3596 ,

116 3613 219 3682 Sem.
247 3613 285 3678 ὃ.
306 3613 415 3697 med.)
438 3619 476 3678 ut
498 3614 547 3676 sio
570 3613 704 3677 reddere
726 3612 909 3695 possimus:
932 3609 1022 3676 nullo
1035 3630 1167 3700 prorsus
1179 3611 1286 3689 modo,

115 3703 173 3768 rel
193 3718 422 3789 nep-mquam
436 3719 536 3775 vero,·
554 3700 607 3763 rei
621 3698 712 3764 nulio
726 3697 1008 3766 minoratione.

384 3821 951 3920 ‘mmmmm

127 3987 133 3996 '
150 3977 268 4043 Duas
293 3973 499 4057 negationes
525 3971 640 4035 eadem
665 3971 700 4032 in
717 3969 884 4034 sententia
897 3967 1090 4050 conjunctas
1104 3969 1217 4033 dicunt
1232 3989 1284 4056 sp.

101 4063 265 4130 Graecos
294 4059 529 4143 majori'cum
553 4059 586 4122 vi
611 4072 744 4137 negare.
790 4054 866 4128 Sed,
888 4056 1036 4137 exceptis
1058 4056 1123 4119 illis
1145 4051 1230 4119 Seet.
1253 4057 1287 4121 3.

96 4171 171 4238 per
205 4171 252 4216 se
279 4167 365 4214 non
393 4146 525 4228 gravius
555 4145 620 4208 iiiae
641 4149 777 4225 negant,
808 4161 908 4222 quum
932 4159 1001 4204 una
1025 4141 1114 4224 apud
1135 4137 1284 4209 Latinos.

95 4239 244 4305 Nullus
278 4236 403 4318 igitur
452 4235 637 4295 leonasmus
666 4231 811 4312 graviter
836 4229 988 4310 negantis
1012 4234 1063 4290 est
1087 4247 1116 4291 s.
1146 4248 1173 4290 o
1197 4228 1286 4312 apud

90 4323 406 4410 Xenophontem
460 4337 525 4380 em.
548 4317 584 4379 li.
601 4316 633 4389 6,
647 4315 701 4380 36.
724 4317 862 4392 ἡγοῦμαι,
885 4319 935 4377 οὐκ
954 4311 1057 4389 ἐξεῖναί
1077 4337 1126 4385 μοι
1151 4311 1218 4397 auspi
1238 4321 1288 4379 σοῦ

89 4417 203 4486 λέγειν
231 4413 419 4473 ἐπαινοῦντι
441 4401 529 4479 οὐδὲν,
543 4400 631 4464 teis
645 4403 690 4475 μὴ
711 4400 860 4466 ἀληθεύω.
906 4399 1038 4462 Nomai
1063 4403 1113 4459 οὐκ
1138 4399 1287 4478 omittas,

86 4498 297 4564 sententia
328 4491 396 4554 fiet
416 4489 579 4552 absurda:
607 4484 910 4571 pretermittam,
933 4493 970 4548 ut
993 4480 1030 4546 in
1056 4482 1289 4552 tuomtuudem

83 4583 189 4650 nihil
208 4579 367 4650 diam,
400 4575 565 4662 qoodnon
586 4593 695 4638 oerum
716 4573 773 4638 sit.
817 4572 877 4637 Sin
900 4571 997 4642 οὐδένς
1019 4587 1079 4652 pro
1103 4589 1143 4634 eo
1164 4587 1288 4655 ponen.

80 4673 182 4758 dum·
195 4669 282 4762 erit
310 4663 367 4741 τὶ,
386 4663 476 4746 quod
499 4661 642 4728 nimium
654 4661 803 4745 languet.
846 4657 906 4724 Sed
928 4654 1038 4726 Greci
1060 4675 1127 4725 non
1152 4657 1288 4740 babent,
