3117 5175
293 415 317 481 4
742 404 971 473 medoen.

295 589 367 654 boec
380 585 517 658 nimium
537 578 725 650 verborum,
749 578 878 643 ridetur
900 579 1077 645 adhibere:
1101 584 1136 642 et
1156 579 1259 646 tamen
1279 587 1381 646 utram·

296 681 485 760 quetuetur
498 688 575 734 usus
598 663 768 748 loquendi,
790 672 841 738 ut,
862 666 892 728 si
905 666 955 728 illi
968 665 1180 746 addas‚,quod
1200 670 1335 732 omissum
1346 672 1383 732 ri·

297 765 407 835 detur,
432 777 499 824 non
523 753 631 836 magis
653 755 736 818 bene
761 749 912 816 Graeosm
931 752 1116 816 orationem
1138 751 1248 827 facias,
1265 772 1349 834 quam
1364 755 1385 816 si

300 845 560 915 buicdetrabas‚
588 839 676 922 quod
698 837 770 918 quis
793 837 909 902 abesse
926 838 1046 903 debere
1071 838 1242 902 existimet.
1281 837 1388 903 Granis

300 939 389 1001 sima
410 936 524 997 autem
550 927 618 991 baec
639 941 693 989 me
717 924 805 988 ratio
829 924 946 998 morit,
979 923 1066 1005 quod
1087 924 1149 988 riri
1169 923 1329 989 doctissimi
1346 926 1390 988 ob

301 1039 397 1088 scure
410 1023 444 1083 et
458 1014 611 1094 ambigue
627 1011 668 1076 de
688 1009 880 1094 pleonasmo
894 1011 1064 1092 loquentes
1088 1010 1248 1074 tironibus
1268 1030 1393 1080 errorem.

302 1108 346 1172 de
359 1124 425 1188 quo
438 1107 514 1188 post
533 1101 653 1171 dicam,
668 1097 841 1177 objiciunt
884 1095 973 1160 Nam
999 1099 1134 1159 sumunt
1154 1096 1215 1168 illi,
1235 1095 1357 1159 dilucide
1366 1105 1391 1158 et

302 1197 453 1259 accurate
466 1188 559 1251 deco
573 1186 610 1249 in
633 1183 847 1266 grammatica
870 1182 1077 1246 instimtione
1099 1182 1169 1262 agi,
1190 1181 1252 1245 sibi
1265 1184 1392 1246 suumin

303 1279 508 1361 singulorum
529 1273 675 1335 locorum
700 1269 971 1349 interpretatione
999 1267 1083 1332 nibil
1117 1266 1209 1331 aliud
1233 1267 1393 1330 monendum

305 1385 391 1438 esse,
412 1361 478 1428 nisi
500 1359 562 1422 boc
583 1357 634 1419 rel
656 1353 739 1418 illud
760 1353 897 1416 verbum
918 1353 1094 1435 πλεονάζειν.
1146 1350 1257 1434 Itaque
1282 1373 1344 1417 cum
1368 1355 1393 1416 iu

303 1445 530 1533 grammaticis
543 1441 664 1507 libellis
679 1438 899 1526 studiosorum
926 1442 1000 1503 usui
1022 1438 1157 1521 scriptis
1179 1458 1266 1519 eoque
1285 1439 1396 1502 breritcr

305 1545 340 1604 et
360 1537 499 1600 obscure
523 1533 655 1610 agnum,
681 1542 841 1603 nemoque
862 1525 962 1602 facile
984 1523 1152 1606 doctorum
1175 1511 1395 1606 explicandis'u

199 1663 203 1672 ι
305 1625 399 1705 guris
427 1614 614 1702 syntecticis
627 1615 733 1674 totam
748 1627 819 1670 rem
841 1610 924 1672 satis
946 1609 1320 1691 copiosepersequourr,
1338 1611 1395 1672 mbil
1492 1664 1493 1685 ,

228 1739 232 1748 ·
305 1709 399 1773 aliud
412 1705 490 1771 inde
505 1699 648 1784 aprima
661 1699 759 1758 aetate
774 1693 945 1766 discimus,
961 1695 1025 1758 nisi
1041 1695 1142 1758 rerba
1161 1696 1303 1776 quosdam
1320 1695 1397 1758 sotere

307 1793 490 1864 abundare,
509 1793 543 1852 et
565 1783 655 1849 salvo
676 1797 773 1844 sensu
798 1779 912 1843 abesse
925 1799 1034 1862 posse,
1049 1779 1108 1844 sed
1129 1787 1239 1845 tamen
1256 1782 1289 1845 in
1307 1782 1342 1843 iis
1357 1783 1398 1844 ali

306 1880 410 1963 qu'am
432 1878 539 1939 inesse
562 1869 630 1934 rim
653 1870 712 1930 aut
729 1868 818 1929 certe
841 1863 1045 1950 elegantiam.
1094 1861 1182 1930 Tum
1206 1886 1268 1931 uuo
1290 1867 1399 1930 alumne

307 1963 458 2044 exemplo
479 1955 650 2044 proposito
681 1970 733 2015 res
755 1957 936 2026 transacta,
958 1959 1006 2025 et,
1028 1959 1066 2016 ut
1090 1952 1180 2016 clare
1203 1953 1315 2025 dicam,
1338 1954 1400 2016 male

308 2050 481 2115 nobiscum
505 2050 617 2106 actum
641 2043 701 2101 est
745 2034 802 2101 Sic
825 2058 856 2101 v.
883 2057 912 2102 c.
936 2033 1071 2119 Bergler
1093 2039 1138 2102 ad
1160 2038 1298 2122 Alcipbr.
1339 2037 1399 2100 di.

310 2143 336 2178 “
359 2135 416 2196 im
438 2130 487 2193 mi
509 2127 661 2212 ipsismet:
686 2121 844 2187 Abundat
864 2123 924 2200 καὶ,
936 2130 974 2187 ut
997 2143 1096 2207 saepe.
1127 2123 1293 2190 Demostb.
1394 2169 1400 2182 .

247 2244 252 2261 ⁸
308 2229 334 2262 ⁴⁶
357 2216 413 2284 38.
435 2213 612 2300 operatricis
627 2205 726 2272 ἕλεσθε
747 2209 762 2270 ὅ
784 2235 812 2270 τι
828 2208 877 2271 καὶ
894 2209 1047 2278 murima:
1069 2207 1214 2295 primum
1227 2207 1402 2294 difflaqct'd

310 2315 335 2348 ‘⁶
351 2295 572 2391 scommatis.
616 2291 708 2358 Idem
720 2294 985 2376 alibi,uliique.”
1029 2294 1143 2368 Quidl
1167 2295 1403 2379 nullamneplme

311 2393 381 2459 rim
396 2386 478 2456 illud
502 2384 551 2448 eoi
573 2380 704 2445 habeti
726 2399 769 2443 an
790 2380 959 2460 eleganter
971 2382 1131 2446 additurl
1155 2392 1273 2466 etquae
1285 2388 1329 2446 est
1346 2381 1405 2450 hut.

311 2479 345 2546 si
356 2493 421 2557 que
435 2475 497 2546 est,
511 2467 700 2548 elegantial
723 2464 876 2546 Denique
899 2466 966 2530 alio
981 2470 1082 2532 etiam
1107 2469 1285 2554 interprete
1305 2468 1350 2530 bic
1364 2485 1404 2527 no

312 2563 368 2629 bis
392 2577 476 2643 opus
496 2556 579 2629 erit;
601 2553 668 2619 nisi
692 2553 778 2619 forte
802 2551 986 2628 credamus,
1008 2553 1204 2637 Berglerum
1227 2549 1405 2623 existimas,

314 2650 378 2715 boe
391 2645 479 2730 apud
488 2640 626 2706 'Graecos
647 2639 831 2705 obtinuisse
844 2638 880 2703 in
904 2660 1055 2706 sermone
1078 2642 1210 2718 vitium,
1234 2650 1272 2707 ut
1290 2641 1365 2723 pullo
1379 2638 1407 2699 de

313 2752 428 2807 causa,
457 2728 605 2809 nihilque
631 2744 765 2809 prorsus
790 2726 1025 2805 significantes,
1056 2728 1118 2791 bac
1138 2729 1298 2811 particula
1313 2727 1409 2809 passim
1491 2787 1492 2790 ,

313 2822 495 2887 uterentur.
539 2812 628 2880 Nam
641 2831 677 2894 p.
692 2808 746 2875 89.
762 2811 864 2877 simili
887 2813 1067 2879 brevitate:
1092 2824 1114 2853 “
1133 2817 1148 2876 ὁ
1170 2818 1224 2885 μέν
1237 2834 1293 2877 vo:
1315 2810 1409 2875 Hicni

313 2918 342 2949 ‘⁶
365 2908 515 2991 παρέλκει,
535 2907 574 2965 ut
600 2898 719 2981 sape.''
771 2893 859 2961 Tum
879 2900 1008 2981 reliqua
1026 2900 1159 2965 conficit
1183 2900 1333 2983 exemplis
1349 2896 1409 2959 nibil

314 2996 398 3059 lucis
412 2992 606 3076 pleonasmo
620 2984 853 3071 prebentibus.
898 2984 964 3049 Sed
977 2986 1156 3050 ostendunt
1176 2990 1244 3050 alie
1261 2987 1336 3056 loca,
1356 3000 1409 3043 eum

315 3080 430 3147 sanius
439 3073 618 3159 J'udicasse,
633 3076 673 3135 ut
687 3090 721 3153 p.
735 3068 813 3134 387.
859 3079 882 3109 “
907 3068 987 3147 Ἐγώ
1002 3093 1062 3136 oo:
1085 3070 1261 3137 Moraliter
1268 3091 1322 3155 per
1333 3069 1410 3133 abun·
1491 3121 1492 3130 ,

315 3165 474 3241 dantium„
488 3162 632 3242 positum
648 3155 701 3231 σοὶ,
725 3163 764 3222 ut
777 3174 899 3237 magna
919 3158 1126 3227 necessitudo
1138 3160 1223 3243 ipsis
1247 3154 1412 3221 intercedere
1491 3175 1492 3178 ¹

317 3245 556 3315 rideaturucss’
600 3240 737 3317 Verum,
759 3262 802 3306 ne
816 3243 945 3325 longior
957 3246 1032 3317 sim,
1055 3264 1109 3309 res
1120 3245 1197 3327 ipsa
1210 3245 1342 3313 docebit.
1354 3256 1412 3303 num

318 3350 427 3417 opere
451 3330 598 3413 pretium
619 3328 734 3401 tuerit,
766 3328 926 3411 singulari
949 3350 1002 3395 me
1025 3331 1112 3395 libro
1128 3331 1190 3396 hoc
1215 3336 1411 3413 argumentum

363 3423 531 3483 rtractare.
1490 3419 1491 3490 l

319 3439 395 3589 pe&
418 3500 451 3565 2.
473 3498 551 3565 Jam
576 3504 615 3563 ut
629 3504 744 3563 nostra
766 3499 831 3563 sibi
857 3506 985 3567 constet
998 3500 1194 3585 disputatio,
1215 3502 1321 3585 paullo
1339 3498 1414 3561 ultim

196 3662 199 3669 ,
319 3610 403 3665 rem,
419 3606 517 3671 quam
540 3582 734 3651 lambertus
761 3583 827 3650 Bos
850 3607 911 3651 suo
932 3590 967 3651 in
992 3596 1185 3669 argumento
1207 3590 1296 3661 fecit,
1316 3592 1414 3668 repete«

318 3696 406 3755 mus,
428 3693 451 3737 a
473 3672 647 3756 principiis
669 3672 769 3736 certis
794 3673 948 3756 proiecti,
970 3694 990 3737 e
1013 3675 1133 3755 quibus
1153 3675 1293 3756 judicari
1315 3685 1416 3734 naccae

205 3790 211 3799 ·
319 3767 384 3836 est,
406 3759 488 3842 quid
513 3757 548 3821 in
568 3757 718 3822 oratione
739 3778 806 3822 non
820 3760 917 3822 mode
932 3757 1136 3841 Graecorum,
1156 3762 1216 3825 sed
1236 3759 1416 3841 quusrispo

320 3848 406 3932 puli,
428 3845 480 3909 re'l
505 3844 645 3909 nimium
665 3846 708 3907 eit
734 3846 786 3908 vel
812 3864 937 3929 parum.
992 3846 1057 3911 Sed
1079 3854 1157 3912 aute
1183 3845 1352 3910 docendum
1368 3846 1416 3905 est,

318 3934 429 4015 qualis
452 3948 522 3993 esse
551 3929 667 4011 lingua
694 3930 825 4003 debeat,
859 3932 895 3994 in
922 3933 1017 4011 cujus
1041 3952 1104 3996 usu
1133 3934 1345 4011 demonstrare
1374 3928 1417 3985 ³¹11

318 4021 548 4103 pleonasmum
562 4016 657 4089 velis,
677 4022 736 4081 aut
755 4017 895 4101 ellipsin·
940 4015 1025 4081 Cum
1038 4012 1151 4101 unius
1172 4026 1318 4082 constare
1336 4010 1418 4097 posit

217 4130 222 4140 ·
317 4105 440 4187 exiguo
474 4099 618 4182 quodam
641 4102 771 4165 rudium
796 4122 951 4167 sonorum
976 4122 1124 4178 numero,
1157 4104 1218 4186 qui
1246 4104 1330 4167 nulla
1350 4102 1419 4161 oeric

317 4192 391 4273 lege
415 4190 667 4270 componantur,
691 4190 799 4270 qumis
823 4190 910 4252 haud
934 4190 1033 4255 dubie
1055 4190 1121 4256 fuit
1138 4192 1314 4273 primorum
1339 4180 1418 4249 bomi-

317 4294 414 4353 num,
428 4280 463 4339 et
486 4274 688 4337 nuncetiam
708 4282 770 4349 est,
796 4274 884 4357 quod
905 4276 949 4339 ad
971 4279 1218 4359 grammaticam
1242 4270 1418 4356 compositio

235 4416 239 4423 .
317 4380 395 4425 nem
420 4358 577 4442 pertinet,
602 4357 820 4424 barbarorum
840 4363 1046 4443 quorundam
1066 4366 1196 4445 lingua:
1228 4364 1296 4443 jam
1322 4376 1372 4442 per
1392 4371 1417 4415 st

317 4454 425 4528 patet,
441 4444 530 4525 quod
545 4448 577 4507 et
593 4442 683 4507 infra
706 4445 829 4529 elarius
847 4448 913 4525 fiet,
927 4449 968 4512 de
995 4449 1093 4531 huJ'us
1111 4450 1202 4512 nullo
1230 4444 1323 4527 queri
1344 4459 1416 4523 opor·

317 4538 388 4595 tere
399 4532 601 4613 pleonasiae.
645 4526 727 4593 Earn
750 4534 860 4615 potius
882 4536 1030 4615 linguam
1053 4554 1170 4618 ponere
1193 4534 1350 4599 debemus.
1363 4540 1414 4605 ul*

318 4616 463 4683 abundet
477 4614 667 4683 nominibus
681 4636 791 4683 rerum
811 4621 1013 4687 naturalium
1028 4628 1062 4685 et
1075 4628 1145 4695 arte
1165 4620 1325 4686 locurum
1336 4628 1411 4695 quan
