3117 5175
336 407 395 478 198
600 419 655 478 DE
678 407 833 477 sumpsi
852 409 907 475 ΕΤ
924 403 1177 474 PLEONASMO

331 581 552 650 militudinem
567 601 641 648 oum
656 585 760 648 altem
774 585 890 656 classe,
916 580 1142 665 imperativus.
1187 572 1373 641 Nessum
1397 577 1462 641 aii·

329 671 408 750 quid
423 685 488 734 non
502 671 642 736 faciendi
657 689 717 754 pes·
741 689 776 735 se
790 678 944 734 constans
965 670 1013 731 sic
1033 664 1246 748 exprimitur,
1259 668 1291 726 ot
1302 663 1461 747 ipsos-ios:

330 757 508 820 necessitas
535 759 715 830 voluntate,
738 755 877 844 ideoque
907 773 972 819 non
999 769 1034 816 ue
1062 753 1149 834 ipsa,
1175 750 1233 813 ssd
1261 750 1463 831 cogitatione

330 836 515 924 cujuspiam
541 841 638 906 sileni
661 841 817 926 impositu
842 843 902 916 sio,
924 841 969 915 ui
990 838 1053 923 δρᾷ.
1108 833 1332 919 Imperativns
1356 837 1461 918 igitur

330 929 410 1074 guis
423 945 492 992 rem
506 931 641 1003 certam,
657 947 716 992 nec
732 931 844 1006 talem,
866 943 941 1007 qnoe
956 926 1063 1008 possit
1076 923 1180 985 stiam
1191 923 1294 985 aliter
1306 941 1385 994 osse,
1404 924 1459 986 in·

353 1013 429 1085 icat,
441 1013 482 1077 ad
498 1013 580 1078 bunc
594 1015 743 1086 classem,
757 1034 822 1079 non
834 1013 875 1076 ad
886 1014 1025 1076 aiteram
1040 1009 1189 1072 sciemur.
1225 1005 1317 1075 Nam
1329 1009 1459 1072 etiamsi

330 1101 490 1164 incertum
504 1105 565 1174 ost,
580 1099 659 1183 quid
675 1101 714 1177 is,
737 1104 791 1166 cui
814 1099 940 1180 aliquid
953 1095 1146 1178 imperatum,
1169 1097 1321 1158 tacturos
1334 1097 1392 1165 sit,
1412 1097 1460 1178 ip

330 1199 402 1250 sum
416 1191 526 1250 tamen
549 1187 678 1270 jussum
701 1205 767 1252 non
789 1193 841 1251 est
864 1185 1070 1266 ambiguum,
1093 1183 1150 1246 scd
1163 1187 1203 1244 ut
1216 1180 1305 1261 qnod
1320 1181 1461 1244 somnae

330 1276 466 1338 certum.
554 1299 557 1308 ·
1540 1306 1542 1313 ·

182 1417 185 1428 ,
260 1356 337 1424 215·
387 1355 539 1424 Secunda
561 1359 675 1424 classis
708 1357 783 1424 iilos
809 1358 902 1422 serbi
918 1355 1042 1437 ¹nundus
1070 1356 1310 1438 complectitur,
1337 1355 1462 1435 qnsssus

327 1459 426 1530 posse
439 1441 566 1532 ailquid
581 1443 651 1510 lieri
667 1445 844 1520 indicatur,
859 1443 893 1506 in
907 1451 970 1518 est,
984 1444 1243 1526 conjunctivum,
1264 1442 1459 1525 optativum,

328 1534 362 1598 et
389 1531 616 1607 indicativum,
641 1531 700 1596 ubl
722 1533 857 1615 quidem
879 1531 909 1594 is
933 1529 1032 1593 finam
1062 1535 1096 1592 et
1117 1529 1295 1594 consilinm
1324 1527 1457 1592 indicat.
1540 1594 1542 1597 ,

328 1613 375 1682 Hi
392 1619 480 1684 motii
495 1619 574 1706 qnia
591 1635 656 1682 non
668 1636 703 1682 ra
718 1637 797 1682 vcra
810 1615 935 1699 aliquid
949 1633 1034 1688 csse,
1055 1615 1114 1679 sed
1127 1633 1314 1697 possessae
1338 1615 1463 1695 signiti-

327 1713 416 1780 cant,
432 1707 626 1779 necessario,
643 1705 671 1769 si
687 1704 729 1768 lis
744 1703 937 1789 adjungitur
950 1701 1135 1784 subjectiva
1144 1701 1278 1783 negatio
1290 1698 1353 1775 usi,
1366 1702 1465 1764 aliam

328 1791 396 1857 tim
412 1793 545 1866 habent,
567 1809 667 1876 quam
683 1791 711 1854 si
727 1788 841 1856 eadem
863 1788 998 1870 negatio
1021 1785 1184 1851 infinitivo
1205 1793 1264 1851 aut
1283 1787 1467 1870 participio

328 1886 387 1943 aut
408 1879 602 1964 imperativo
625 1879 766 1946 additur.
811 1875 922 1950 Quum
943 1875 1032 1939 euim
1052 1873 1098 1944 ni
1125 1875 1227 1937 etiam
1253 1874 1466 1954 conjunctivo

327 1969 361 2030 et
376 1967 524 2052 optativo
539 1971 572 2029 et
585 1963 765 2029 indicativo
790 1961 939 2028 additum
958 1961 1140 2033 notionem,
1165 1979 1241 2047 qna
1263 1962 1370 2024 verbo
1389 1979 1461 2025 eon

188 2081 191 2088 ¹
326 2055 464 2127 tinctus,
481 2055 600 2132 negem
623 2052 734 2116 formae
749 2056 859 2114 sutem
877 2050 951 2113 istae
963 2047 1057 2111 serbi
1083 2066 1149 2110 non
1162 2065 1235 2112 esse
1249 2047 1394 2130 aliquid,
1409 2049 1461 2112 md

325 2155 423 2220 posse
436 2154 508 2202 esse
522 2137 725 2219 significent:
748 2137 874 2204 denum
901 2141 961 2207 est,
987 2151 1054 2197 non
1069 2133 1167 2197 modo
1180 2134 1357 2199 mitonem
1377 2135 1461 2198 verbi

325 2223 527 2303 cogitatione
541 2221 626 2296 toiii,
642 2223 697 2286 sed
713 2223 799 2290 hane
822 2221 929 2308 ipsum
953 2237 1083 2304 qnoque
1108 2221 1277 2285 sublatam
1297 2222 1462 2284 notionem

325 2310 363 2370 ut
391 2323 464 2389 qun
486 2307 591 2392 possit
612 2309 841 2372 tantummodo
862 2308 991 2371 sublata
1020 2323 1091 2372 esse
1117 2307 1274 2388 cogitari.
1337 2305 1392 2370 Sic
1420 2309 1461 2380 ni
1540 2324 1542 2369 :

325 2387 405 2460 biso
420 2397 470 2457 est
491 2395 528 2457 ut
541 2407 663 2479 potum
677 2411 742 2458 non
755 2392 848 2458 mosi.
891 2391 941 2457 Ut
956 2393 1031 2456 aliis
1045 2392 1153 2458 uerbis
1175 2397 1268 2466 utar,
1283 2393 1360 2458 istae
1371 2395 1457 2457 serbi

324 2475 440 2545 formas
455 2475 551 2542 linem
566 2477 731 2543 denotant.
776 2475 877 2561 Atqui
891 2499 990 2565 quem
1011 2479 1109 2544 tinem
1135 2497 1308 2552 vocamus,
1332 2481 1363 2543 is
1384 2481 1459 2544 nibil
1540 2506 1542 2581 Ῑ

326 2571 377 2630 est
391 2567 456 2633 nisi
472 2567 520 2630 rei
536 2566 706 2648 cogitatio,
721 2585 788 2647 qua
812 2586 875 2651 pro
898 2585 1016 2643 caussa
1036 2567 1107 2648 ejus
1129 2567 1177 2629 roi
1201 2567 1386 2632 efficiendae
1406 2568 1462 2631 nii-

327 2666 413 2717 mur.
458 2644 539 2717 Haec
566 2654 678 2717 autem
706 2654 866 2735 cogitatio
887 2672 952 2716 non
979 2654 1384 2741 inconsummati
1407 2665 1461 2727 esi,
1540 2623 1542 2780 Ι

327 2736 521 2811 sedinillo,
565 2740 753 2823 uodpotest
775 2741 858 2805 esse.
902 2736 1121 2820 Ituquequod
1145 2741 1304 2805 obtineto
1329 2743 1462 2823 aliquem

327 2819 478 2906 iacimus,
502 2756 689 2891 idianimus
705 2826 763 2899 sio,
776 2834 816 2891 ut
831 2826 877 2901 id,
898 2826 985 2907 qnod
1006 2826 1167 2900 volumus,
1189 2828 1383 2907 cogitemus
1399 2846 1463 2891 esse
1540 2827 1542 2890 l

326 2924 561 2994 pumannum
587 2910 695 2997 possit
709 2914 812 2976 etiam
836 2928 998 2976 nonoese.
1044 2910 1140 2985 Quos
1161 2912 1190 2974 si
1216 2915 1316 2979 uerbi
1342 2916 1461 2991 soumis,
1540 2895 1542 2962 l

328 3012 403 3077 que
417 2994 513 3061 tinem
542 2996 741 3079 significent,
765 3002 901 3080 negatio
924 2996 1058 3062 additur
1085 2998 1172 3079 (eam
1197 3006 1318 3065 autem
1342 3020 1463 3067 ncesse
1540 3017 1542 3044 ¹

328 3089 379 3146 est
394 3080 610 3165 subJ‘eetivam
636 3102 718 3163 esse,
733 3090 771 3150 ut
786 3088 820 3149 in
835 3104 882 3160 re,
898 3102 972 3167 qiua
985 3089 1058 3149 tota
1082 3087 1119 3148 in
1140 3086 1350 3168 cogitatione
1364 3108 1462 3153 m

328 3167 413 3255 tur),
428 3186 469 3233 ea
482 3172 658 3251 negatione
674 3169 849 3245 indicatur,
865 3169 962 3235 linem
976 3172 1107 3252 agentis
1125 3190 1200 3239 esse
1215 3174 1321 3247 buno,
1337 3186 1377 3239 ot
1397 3194 1466 3258 pot-

256 3254 373 3330 216sit
387 3272 453 3318 non
468 3258 653 3338 esse,quod
670 3256 818 3341 alioquin
845 3274 915 3321 csse
937 3258 1049 3341 possit.
1093 3255 1208 3343 itaque
1229 3261 1277 3335 usi
1306 3258 1401 3341 biso,
1420 3268 1467 3323 est

327 3340 489 3425 utposu'm
502 3338 681 3406 conmori:
703 3362 768 3424 quo
783 3345 857 3428 ipso
871 3344 1021 3416 altorum,
1035 3346 1123 3425 quod
1134 3353 1292 3429 estposse
1307 3366 1363 3411 me
1376 3349 1469 3417 mori,

326 3432 458 3491 tantum
473 3424 567 3491 abest
581 3436 620 3492 nt
632 3426 779 3509 tollatur,
802 3437 841 3493 ut
862 3431 969 3511 magis
982 3430 1129 3495 futurum
1146 3449 1217 3495 esse
1241 3434 1388 3511 dicatur,
1403 3435 1467 3497 nisi

327 3510 461 3588 inciam,
477 3528 519 3577 ne
535 3512 579 3577 sit
594 3516 753 3579 futurum.
794 3512 850 3580 -lta
863 3518 912 3591 iit,
926 3522 965 3581 ut
985 3516 1031 3589 ni
1045 3534 1120 3581 cum
1146 3516 1221 3582 istis
1245 3519 1365 3583 ios-mia
1388 3540 1470 3585 eon·

324 3600 477 3681 junctum
492 3596 535 3663 ob
550 3596 584 3663 ld
600 3599 718 3685 ipsum,
733 3599 816 3683 quin
839 3602 937 3667 fluam
961 3618 1034 3666 essa
1054 3603 1141 3667 bunc
1166 3603 1307 3680 indicat,
1334 3627 1378 3670 ns
1399 3626 1470 3687 qna

327 3700 381 3749 res
394 3684 450 3757 sit,
465 3682 614 3750 eamdem
627 3702 694 3751 uem
708 3704 776 3753 esso
789 3686 971 3771 significet:
994 3688 1039 3763 ni
1050 3687 1214 3765 otuutem,
1227 3694 1318 3773 quoti
1330 3694 1476 3767 indicat,

276 3844 277 3849 η
327 3774 425 3835 tinem
441 3788 523 3846 esse,
540 3770 674 3854 nequid
702 3776 839 3849 nonsit,
864 3792 938 3839 eam
964 3794 1034 3839 rem
1056 3792 1122 3839 nou
1144 3796 1217 3841 esse
1239 3778 1381 3851 denotat,
1406 3782 1475 3843 sed

326 3864 440 3922 utrum
463 3874 505 3921 ue
520 3876 595 3923 cum
609 3858 828 3935 dubitatione,
850 3860 929 3943 quia
942 3861 1035 3934 verbi
1058 3857 1174 3927 modus
1197 3882 1265 3929 non
1284 3866 1380 3929 <iseo
1402 3874 1474 3941 est,

327 3942 415 4027 qu'od
430 3879 486 4037 sit,
500 3942 556 4009 sed
571 3943 613 4009 de
626 3965 677 4020 eo,
696 3944 783 4027 quod
795 3950 904 4032 possit
917 3965 999 4011 esse.

370 4026 580 4115 Explicnnus
597 4027 665 4097 hac
689 4032 816 4108 ordine,
843 4034 975 4098 initium
997 4032 1161 4101 iacientes
1185 4056 1207 4100 a
1311 4038 1411 4104 icuiis
1428 4042 1474 4109 μὶ

327 4116 465 4191 etsist
487 4119 992 4205 eumveuboiinitoeonjunotis.
1037 4122 1164 4187 Attum
1178 4122 1226 4198 μὴ
1270 4128 1279 4145 ’
1329 4126 1418 4191 dicit
1435 4129 1477 4198 is,

326 4200 384 4283 qui
399 4218 501 4283 quum
516 4204 582 4268 uon'
597 4204 688 4283 velit,
714 4208 910 4274 moriturum
933 4225 969 4272 sa
982 4212 1080 4293 putat
1094 4229 1103 4283 ;
1137 4208 1245 4275 icioma
1256 4210 1308 4283 μὴ
1328 4222 1362 4275 at
1376 4210 1475 4279 biso.

349 4290 384 4350 ui
432 4304 511 4353 uum
540 4310 560 4353 o
585 4294 633 4355 tet
655 4296 751 4366 mori,
774 4308 809 4357 se
830 4312 897 4360 non
925 4295 1023 4379 putat
1051 4297 1258 4361 moriturum.
1304 4296 1409 4363 Plato
1440 4301 1475 4363 in

325 4299 431 4525 ἓοϊὲἳ
529 4304 583 4442 679.
600 4371 639 4439 Β.
654 4376 699 4452 nl
719 4373 907 4468 καθαρῷγᾶς
928 4380 1058 4468 καθαροῦ
1071 4380 1253 4464 monneto
1266 4382 1317 4457 μὴ
1332 4391 1369 4449 oo
1382 4384 1473 4461 θερ-

399 4522 404 4544 ,
431 4390 580 4543 ιιῌῘιεςαῑ
607 4462 659 4527 liic
685 4462 737 4531 fas
767 4482 850 4541 esse,
880 4469 939 4530 sad
965 4482 1040 4533 eum
1067 4470 1210 4556 quadam
1236 4470 1471 4537 dubitatione.

320 4538 411 4606 Idem
427 4544 461 4608 ln
476 4544 618 4613 Metione
634 4566 668 4632 p.
686 4544 738 4614 89.
754 4548 795 4615 D.
813 4549 887 4637 topic
904 4556 934 4617 τί
953 4556 1069 4627 βλέπων
1088 4552 1293 4640 δυσχεραίνεις.
1308 4558 1361 4620 καί
1380 4566 1469 4623 ἐπ·

320 4626 390 4705 tsls,
404 4630 450 4705 μὴ
466 4632 517 4696 uit
530 4630 677 4711 tuosius
699 4636 880 4725 ’ξιὴἀρενλς
900 4635 1061 4708 Dubitare
1089 4637 1190 4709 Meno
1212 4641 1390 4711 Socratem
1413 4646 1468 4709 sli-

322 4460 371 4520 sis
