3117 5175
569 430 818 479 xmus-maa.
1180 396 1244 472 att

135 575 455 653 manendumne,
477 598 520 644 ort
540 580 643 646 ratim
664 580 709 647 ait
733 580 900 671 nffimtore.
955 578 1080 665 Supple
1101 578 1249 641 σκεπτέον.

135 666 217 749 Cujus
231 668 383 749 ellipseos
397 676 475 731 us'us
488 668 643 751 frequens
658 676 709 734 est
725 678 802 734 ante
828 668 915 742 inus,
929 673 963 732 et
986 668 1113 743 μήποτε.
1158 661 1244 728 Vide

135 752 395 818 laeuorsum
420 754 478 818 lib.
510 756 553 817 iv.
581 752 634 819 34.
674 762 730 820 τῶν
746 757 909 820 striaturis.
954 754 1050 818 Coni.
1074 750 1196 817 Lucam
1211 752 1246 814 ln

134 838 207 903 Aelia
230 857 262 901 v.
285 837 340 903 39.
400 836 485 905 Vide
515 843 602 906 inira
630 843 666 905 in
690 845 805 921 βλέπω,
828 843 877 907 vel
908 842 991 925 ipsiu,
1016 840 1067 904 uel
1097 837 1212 923 φροντίξ
1237 879 1246 897 .

134 922 233 989 Larsa.
279 922 375 990 Coni.
400 946 500 1010 supra
522 929 564 991 ad
590 948 620 993 v.
645 928 811 1004 Λογιστέον.
857 926 950 991 Plato
974 925 1084 991 Phoed.
1110 946 1145 1009 p.
1173 922 1245 988 185.
1260 908 1430 1025 βόριλ

134 1008 219 1075 110181·
235 1012 281 1086 μὴ
296 1018 357 1093 οὐχ
371 1015 446 1080 αὕτη
460 1016 481 1099 ᾖ
495 1012 598 1099 ἦόρθῆ
613 1042 641 1077 κ.
658 1041 686 1078 τ.
699 1026 730 1077 λ.
742 1014 785 1078 ad
800 1036 833 1097 q.
848 1016 871 1079 l.
889 1010 993 1077 Henr.
1010 1012 1198 1096 Stephanus
1211 1025 1247 1093 p.
1261 996 1379 1103 0⁷21ss-

133 1096 191 1163 all.
234 1110 260 1137 “
278 1098 414 1179 Aliquid
431 1100 484 1163 hic
498 1101 673 1165 desiderari
698 1108 794 1186 putet
809 1102 999 1184 quispiam:
1023 1118 1123 1179 quum
1137 1107 1248 1161 tamen

134 1186 198 1247 nibil
210 1184 429 1259 desideretur,
439 1187 495 1248 sed
508 1188 633 1270 ellipsis
649 1191 693 1252 sit
709 1189 757 1252 illi
771 1188 899 1261 similis,
915 1205 986 1269 quae
997 1186 1138 1250 occurrit
1148 1181 1249 1268 paulo

133 1272 371 1353 posl,nimirum
386 1290 418 1355 p.
441 1272 594 1337 186.l.4.
623 1276 668 1349 iai
685 1278 858 1361 σκιαγραφία
872 1274 949 1359 τιςῇ
971 1276 1124 1339 ἡτοιαύτη
1146 1265 1247 1355 dperd·
1277 1289 1283 1302 ¹

137 1354 300 1421 Occurrunt
314 1370 401 1421 certe
416 1364 448 1423 et
463 1361 542 1423 alibi
558 1360 769 1442 frequenter:
794 1381 853 1443 pro
869 1362 940 1423 loco
956 1366 1067 1423 autem
1082 1374 1250 1441 exponere

133 1451 258 1526 oportet,
301 1442 482 1509 Videndum
497 1466 547 1523 ne,
569 1446 619 1511 vel
634 1443 960 1511 Animadvertendum
981 1466 1033 1519 ue,
1058 1452 1116 1508 aut
1133 1442 1250 1509 Caven-

134 1528 193 1593 dum
216 1531 291 1595 rte.”
336 1530 421 1595 Add.
437 1530 543 1614 Toup.
560 1531 630 1597 lnd.
654 1536 688 1597 in
715 1531 905 1615 Longini.
931 1528 1076 1596 Klrtvror.
1120 1526 1250 1603 Inle

131 1618 217 1681 iarcbi
236 1614 325 1681 Mor.
341 1625 366 1681 t.
383 1619 405 1681 i.
421 1638 454 1702 p.
468 1617 545 1681 422.
560 1639 644 1683 corr.
665 1620 895 1703 μήποτε-δοκῇ
917 1615 996 1682 εἶναι.
1010 1616 1098 1682 coni.
1115 1638 1148 1701 p.
1172 1612 1249 1681 423.

131 1700 248 1767 429.εά
273 1724 374 1785 quarn
400 1724 548 1769 normam
571 1709 671 1771 etiam
698 1726 730 1791 p.
757 1704 833 1769 426.
856 1707 998 1771 fortasse
1022 1704 1248 1770 scribendum:

130 1791 228 1861 urim
245 1790 276 1855 δὲ
290 1790 339 1853 καὶ
353 1794 510 1855 τούναντίον
526 1790 636 1867 ἀγαθὸν
653 1796 683 1879 ἢ.
707 1792 857 1857 Sollaltlt.

165 1874 400 1959 ‘Frequenter
412 1876 627 1943 Grammaticl
656 1878 761 1945 Graeci
783 1884 910 1944 ἐλλιπῶς
926 1878 1049 1943 habent
1067 1878 1183 1952 μήποτε
1207 1874 1249 1949 δὲ,

130 1980 188 2025 curn
208 1965 293 2028 nibil
318 1964 495 2038 affirmant,
532 1966 586 2029 sed
618 1984 697 2031 suas
721 1974 852 2031 tantum
882 1966 1110 2030 dubitationes
1132 1982 1193 2047 pro
1217 1980 1252 2025 o·

129 2056 215 2127 nuul;
254 2058 401 2131 tuncque
427 2052 596 2115 comrr'rode
625 2052 795 2116 subaudiri
825 2058 936 2135 potest
972 2054 1115 2115 σκεπτέον.
1205 2042 1250 2113 id.

128 2130 333 2201 -Casaubonus
348 2138 383 2199 in
398 2147 611 2203 commentar.
637 2140 679 2202 ad
695 2137 847 2202 Athenaei
869 2139 928 2202 lib.
946 2140 968 2201 i.
985 2158 1011 2201 c.
1028 2158 1061 2200 x.
1086 2136 1249 2200 Soanas.

131 2218 223 2305 Vulgo
249 2230 383 2287 vertunt
405 2222 557 2311 sortasse.
616 2224 710 2291 Nibil
739 2231 850 2289 autern
877 2224 1160 2288 subaudiendum:
1199 2241 1251 2286 ao-

132 2316 225 2374 curate
252 2311 344 2374 enim
374 2330 444 2374 rem
471 2312 498 2373 si
525 2311 676 2391 aestimes,
706 2312 823 2386 μκόποτε
847 2312 1014 2395 particula
1040 2316 1090 2374 est
1114 2312 1251 2374 interro·

132 2396 226 2473 gandi,
240 2395 495 2479 ponendumque
512 2398 545 2459 in
560 2398 684 2462 talibus
705 2398 837 2479 signum
864 2396 1144 2479 interrogationis,
1165 2394 1250 2475 quod

135 2484 241 2561 passim
252 2484 382 2547 faciunt
395 2486 421 2546 οἶ
432 2486 631 2567 ἀκριβέστεροι.
676 2484 762 2549 Vide
788 2485 986 2549 Athenaeum
1008 2490 1035 2547 t.
1061 2485 1104 2545 ir.
1127 2503 1160 2565 p.
1173 2480 1249 2545 306.

136 2567 405 2635 collValekenar.
432 2569 555 2634 Adnol.
590 2571 624 2635 in
650 2569 808 2636 Adoniaz.
834 2570 968 2635 Theocr.
994 2589 1028 2655 p.
1053 2566 1130 2634 294.
1154 2566 1191 2631 Β.
1217 2571 1252 2631 et

137 2651 336 2721 Scholiastam
346 2657 388 2718 ad
404 2655 537 2720 Pindar.
555 2656 652 2722 Nem.
678 2680 711 2723 v.
728 2657 782 2722 25.
798 2659 874 2720 coll.
896 2658 1008 2721 eodem
1036 2659 1108 2721 viro
1132 2656 1254 2722 eximio

130 2740 163 2803 in
181 2737 266 2825 Eleg.
292 2742 418 2807 Catulli
436 2739 569 2806 Gallim.
598 2763 632 2826 p.
663 2745 733 2808 113.
779 2741 934 2808 Ceterum
959 2763 1025 2808 non
1045 2744 1106 2807 soli
1135 2741 1254 2806 Gram-

130 2828 226 2893 matici
244 2831 301 2894 illa
317 2831 482 2914 particula
496 2833 544 2894 sic
565 2837 715 2895 utuntur.
758 2829 835 2894 Vid.
860 2830 1030 2912 Longinus
1057 2831 1195 2893 xxxviii.
1219 2847 1253 2911 p.

132 2911 190 2978 135.
232 2915 343 2998 Toup.
362 2914 530 2998 Meleager
545 2916 606 2980 liii.
622 2936 690 2980 vel'.
706 2917 739 2981 5.
763 2917 912 2990 duranni,
928 2918 972 2989 μὴ
983 2919 1034 2978 καί
1047 2918 1117 2978 ποτ’
1131 2918 1254 2996 ἐφίπτα-

129 2997 185 3063 σθαι
207 3005 275 3076 μὲι,
295 3000 440 3087 Ἔρωτες,
461 2999 586 3076 Οἴδατ’,
609 3007 771 3071 ducar-ilar
793 3002 888 3067 δὀὔθ’
912 3004 972 3064 ὅσον
997 3006 1136 3083 lopertum
1166 3001 1255 3082 quod

130 3089 215 3151 miror
244 3089 311 3172 ipsi
335 3089 418 3152 adeo
442 3086 616 3154 Huschkio
642 3090 861 3173 displicuisse.
920 3087 1050 3170 Copula
1078 3096 1188 3151 autem
1213 3102 1255 3151 ne

129 3177 155 3234 le
168 3174 327 3247 offendat,
342 3176 414 3256 lege
428 3173 562 3239 Porsoni
584 3181 698 3240 notam
725 3177 766 3240 ad
794 3173 943 3257 Euripid.
971 3173 1086 3239 Phoen.
1112 3194 1143 3236 v.
1163 3173 1255 3238 1313.

128 3253 157 3320 ln
171 3259 346 3326 Mnasalca
362 3263 385 3323 i.
411 3279 485 3324 cum
507 3257 671 3325 Wartono
696 3262 924 3328 scribendum:
956 3260 1112 3336 ’Ἄμπελὴ
1138 3261 1255 3333 μήποτε

126 3351 214 3422 φύλλα
226 3347 334 3430 χαμαὶ
350 3346 506 3410 σπεύδουσα
519 3346 664 3421 βαλέσθαι
674 3348 796 3413 Aetdlos
811 3351 878 3411 ἓσπέ
895 3373 931 3410 ιον
945 3345 1083 3411 Πλειάδα
1097 3345 1231 3418 δυομέναν
1244 3367 1254 3419 ;
1305 3379 1312 3386 ·

125 3429 270 3513 Satyrius
283 3433 405 3514 Thyill.
422 3435 463 3496 iv.
480 3453 545 3496 ver.
561 3431 594 3496 5.
617 3435 727 3505 μήποτ’
745 3436 847 3497 ἐκείνου
861 3375 985 3498 (Astraei
1006 3433 1156 3506 δεσμώτης
1168 3431 1257 3496 atris

122 3515 191 3584 dnos
211 3525 324 3606 φρένα;
348 3517 498 3583 Scalas.

452 3639 819 3721 adsumimus
827 3636 915 3708 TUS.

155 3749 321 3830 ’Ὺτοδεξίη
345 3759 441 3818 notat
464 3763 668 3840 apparatum,
695 3775 762 3836 quo
788 3756 864 3834 quis
885 3751 1069 3840 eampimr:
1101 3755 1156 3820 sed
1178 3772 1259 3840 quo·

123 3839 207 3904 niam
219 3848 276 3905 est
291 3859 354 3904 vox
369 3841 546 3920 adjectiva,
563 3844 595 3904 in
608 3861 647 3906 ea
658 3841 828 3906 subaudiri
839 3840 936 3904 debet
949 3841 1093 3908 rmvbvel
1108 3846 1256 3908 σκευασία.

124 3919 289 3992 Homerus
304 3923 399 3990 Iliad.
414 3923 439 3990 1.
460 3948 530 3992 ver.
547 3927 600 3991 73.

250 4015 377 4077 -τᾶσά
388 4016 433 4100 roi
446 4012 507 4076 ἐσθ’
519 4012 662 4092 ὑποδεξίη.

120 4117 160 4164 sc.
175 4103 328 4164 σκευασία.

250 4183 395 4252 -omnt’s
409 4183 470 4250 rili
481 4185 691 4272 (apparatus)
705 4195 761 4260 est,
774 4203 837 4272 qao
850 4205 902 4251 eos
913 4185 1055 4274 occipere
1065 4206 1172 4274 prtem.

60 4301 63 4314 r
118 4267 297 4354 [Ὑποδεξίη
318 4273 398 4354 quid
412 4291 471 4336 nos
494 4274 652 4356 impediat
678 4292 739 4357 pro
754 4272 960 4338 substantivo
988 4275 1118 4347 babere,
1140 4291 1259 4356 parum

117 4361 285 4440 intelligo.
330 4357 426 4422 Adde
455 4361 540 4442 quod
557 4359 755 4442 adjectivum
780 4360 872 4436 illud,
899 4359 1050 4438 ὑποδέξιος,
1074 4361 1150 4430 nisi,
1171 4355 1260 4440 quod

115 4445 565 4614 119339111Ἧῖἶὲ
581 4447 706 4614 Ἓῖἒηῗ
708 4446 824 4616 11ζέ
828 4447 970 4598 111111
981 4441 1260 4597 ‘liittiull
1283 4550 1287 4564 ·

566 4579 575 4608 l
1250 4576 1261 4608 9

114 4620 175 4684 rii.
191 4639 225 4686 e.
242 4613 299 4700 49,
327 4617 357 4686 1.
380 4615 556 4722 §saisitum
579 4621 809 4706 corrigendum
833 4639 906 4687 esse
930 4616 1170 4686 Valckenarius
1194 4638 1263 4688 non
