3117 5175
579 411 803 478 ISAGOGB.
826 359 832 370 ἢ
852 468 857 475 ,
945 462 956 473 .
1006 453 1014 466 ·
1211 410 1254 480 21

816 510 844 548 ·
1368 537 1380 558 Χ

133 577 248 662 gentis
261 595 384 660 genere
395 578 560 665 persequi,
583 585 622 645 ut
642 580 685 646 de
698 577 845 668 ἔρχεσθαι
869 579 956 646 Seet.
979 575 1014 644 2.
1043 580 1180 666 longum
1206 581 1261 648 io-

131 669 184 730 ret.
1099 719 1109 738 ,
1128 666 1131 670 ’

167 749 194 834 ᾗ.
217 749 271 815 22.
293 749 413 817 Fontes
434 749 676 818 demonstrasse
696 750 810 817 videor
828 752 1094 838 pleonasmorum
1118 772 1213 820 veros
1225 759 1262 822 et

132 837 287 918 liquidos:
310 857 394 922 quos
406 838 533 906 utinam
549 858 615 905 non
627 839 795 905 turbasset
806 839 898 904 foeds
910 839 1093 922 glossarum
1106 838 1260 911 illuvies!

131 921 223 988 Certe
238 925 267 988 si
288 942 354 1005 quo
369 925 441 988 loeo
456 944 588 990 monere
601 925 813 990 commodum
826 929 888 998 est,
908 943 951 988 ne
968 925 1186 1006 glossetorum
1200 927 1262 994 ed·

129 1009 315 1074 ditsmen'tis
340 1010 447 1094 decipi
463 1029 522 1075 nos
549 1013 730 1096 patiemur,
758 1013 813 1075 hic
834 1010 981 1094 proiecto
1002 1015 1065 1089 est,
1085 1013 1165 1092 quis
1188 1018 1264 1080 tam

129 1099 232 1162 multa
251 1097 354 1162 verbe
377 1097 487 1162 verbis
511 1098 710 1180 scriptorum
725 1096 965 1182 interpretandi
978 1096 1118 1162 oonsilio
1131 1097 1264 1180 adjecto

128 1185 278 1269 deinceps
303 1201 412 1248 errore
438 1183 647 1248 librariorum
672 1183 709 1247 in
724 1183 843 1248 'medis
860 1183 1010 1248 oratione
1033 1184 1145 1268 posits
1167 1189 1261 1254 sunt.

127 1267 357 1354 Exposuerunt
369 1269 412 1333 de
427 1268 489 1334 hee
513 1288 550 1334 re
562 1271 696 1353 copiose
709 1271 807 1334 multi
820 1274 854 1334 et
864 1269 902 1334 in
915 1269 1040 1335 criticis
1054 1268 1212 1354 operibus
1225 1277 1263 1342 et

127 1357 162 1422 iu
175 1355 418 1424 commentariis
431 1355 475 1419 ud
489 1356 664 1441 scriptores
678 1356 849 1440 antiquos,
870 1361 909 1420 ut
921 1354 1069 1421 Dorville
1083 1357 1125 1424 ud
1140 1353 1262 1424 chari·

127 1449 235 1508 tonem
257 1444 316 1507 sii.
331 1441 364 1507 5.
380 1442 451 1506 viii.
466 1439 498 1504 8.
514 1447 548 1506 et
562 1444 656 1508 alibi.
700 1440 772 1506 Nos
798 1442 848 1506 vei
870 1443 971 1507 verbo
986 1441 1154 1507 monuisse
1178 1445 1263 1511 setis

126 1535 224 1595 esset.
247 1528 313 1594 Sed
326 1547 429 1592 unum
443 1529 629 1613 exemplum
643 1528 771 1593 addam.
801 1527 901 1611 Apud
916 1525 1123 1594 Herodotum
1138 1527 1189 1593 iii.
1203 1527 1261 1596 36.

124 1616 248 1699 legitur
271 1624 302 1678 οὐ
325 1621 432 1678 πολλῶ
452 1617 610 1689 μετέπειτα
624 1617 718 1702 χρόνῳ
742 1615 873 1700 ὕστερον
897 1615 955 1679 sed
973 1613 1042 1680 129.
1065 1616 1160 1701 χρόνῳ
1172 1619 1206 1678 οὐ
1218 1641 1261 1684 π.

123 1703 258 1787 {impos}
280 1702 338 1766 vii.
357 1679 428 1766 131.
451 1706 562 1765 autem
585 1726 639 1788 xp.
663 1703 823 1777 μετέπειτα
835 1709 962 1786 usurp:
985 1706 1019 1765 et
1035 1699 1107 1765 151.
1123 1705 1262 1770 πολλοῖσι

122 1790 196 1852 ἔτεσι
210 1789 334 1872 ὕστερον,
357 1787 503 1867 itemque
524 1785 593 1851 170.
617 1789 709 1876 χρόνῳ
728 1787 795 1850 ὅστε
826 1795 976 1874 νωολλῷτ
998 1787 1070 1852 viii.
1089 1785 1162 1851 128.
1175 1792 1262 1855 extr.

120 1894 241 1940 rursus
266 1877 294 1938 ἐς
318 1873 537 1951 edisserimus
551 1900 603 1959 xp.
625 1875 681 1938 αἰεί
689 1896 698 1938 :
722 1873 769 1938 ix.
833 1919 841 1936 .
864 1891 943 1938 vero
967 1871 1037 1937 δέκα
1051 1873 1136 1954 ,ἔτεσι
1148 1873 1262 1960 ὕστερον
1340 1949 1344 1958 ,

121 1961 205 2035 μετὰ
227 1966 342 2024 sadra:
366 1961 407 2025 de
432 1957 579 2024 Homero
600 1959 739 2042 denique
768 1957 820 2024 17.
843 1984 898 2046 xp.
921 1963 954 2023 οὗ
971 1965 1077 2045 πολλῷ
1086 1959 1260 2034 μετέπειτα.

121 2043 186 2112 Cui
196 2066 266 2112 non
278 2047 424 2131 suspicio
431 2053 596 2122 nascetur,
606 2053 774 2111 auctorem
787 2045 898 2129 primo
906 2046 964 2109 ilio
978 2045 1050 2109 loeo
1065 2045 1263 2129 simpliciter

120 2127 1261 2304 isiserrs:ssitiriitiiuessssstssis

120 2327 179 2372 usu
196 2304 368 2388 loquendi,
393 2311 554 2390 quantum
568 2306 727 2370 memoris
740 2322 814 2367 mea
829 2303 906 2378 sert,
918 2322 955 2366 se
969 2306 1083 2367 tuetur
1098 2301 1156 2367 ille
1168 2303 1263 2386 pleo-

119 2411 272 2464 nasmus,
285 2411 345 2457 neo
358 2393 522 2458 sententis
535 2392 607 2456 loci.
651 2390 740 2457 Nem
754 2391 784 2453 si
796 2391 894 2472 longo
904 2396 981 2472 post
995 2395 1145 2473 tempore
1153 2389 1262 2472 poeni-

118 2482 225 2544 tuisse
238 2477 435 2562 cambysem
448 2480 623 2554 diseretor,
635 2479 808 2543 verborum
823 2476 1000 2541 multitudo
1012 2475 1100 2539 bene
1110 2475 1260 2540 haberet.

117 2565 218 2633 Nune
234 2566 390 2649 equidem
403 2566 509 2653 probo
525 2565 596 2631 sine
618 2593 655 2641 μ.
671 2593 725 2652 χρ.
743 2563 856 2629 solum
871 2562 995 2649 ὕστερον,
1020 2557 1110 2645 quod
1130 2561 1263 2627 auctori

115 2674 182 2719 non
197 2657 251 2719 est
266 2654 425 2719 insolens.
469 2648 536 2719 Sic.
552 2653 590 2717 ii.
605 2652 660 2719 52.
675 2654 788 2735 ὕστερον
798 2657 922 2735 osup:
945 2652 981 2713 et
996 2648 1047 2715 iii.
1062 2645 1119 2712 65.
1138 2646 1265 2734 ἥμίςμ

116 2740 232 2828 ὕστερον
247 2742 289 2805 ὥς
299 2738 394 2807 εἴκοσι.
