3117 5175
565 447 791 513 Issaosu.
1207 449 1242 514 il

105 612 288 695 composito
308 618 600 700 praepositionibus
614 621 821 686 tribuerent(
854 617 1007 684 Eustatb.
1031 620 1075 684 ad
1095 619 1190 686 Iliad.
1209 620 1245 685 B.

65 779 70 789 ι
105 695 180 762 267.
203 697 280 765 Φησὶ
301 709 369 775 γοῦν
394 703 504 781 σμῶδιξ
526 703 714 782 ἐξυπανέστη,
736 705 823 782 ἤγουν
843 703 975 770 κάτωθεν
988 705 1108 770 siradio)
1123 706 1245 781 ὑψώθη.
1344 763 1348 775 .

108 785 293 869 Ani-aim,
316 789 412 867 φασὶν,
436 790 563 856 ἐνταῦθα
576 794 595 859 r‘r
609 796 662 868 μὲν
676 794 733 857 ὑπὸ
749 792 887 878 πρόθεσιν
908 793 943 854 τὸ
959 791 1100 856 κάτωθεν*
1126 793 1189 860 ἡδὲ
1203 793 1246 872 ἐξ,

108 869 142 932 τὰ
156 873 196 933 εἰς
209 869 327 940 attasi
341 873 370 937 δὲ
384 879 449 948 ἀνὰ,
472 879 506 940 σὺ
520 879 606 953 ὕψος,
629 883 667 942 ὡς
680 879 730 942 καὶ
750 883 777 942 ὲν
793 888 835 965 τῷ
849 876 1039 954 ὑπεξαναδὺς,
1061 879 1111 943 καὶ
1134 882 1163 942 ἐν
1187 885 1247 944 τοῖς

108 958 225 1030 amicast
268 957 378 1023 Ἰστέσν
402 962 459 1045 γὰρ
493 965 536 1025 ὅτι
569 965 695 1037 οὒδσμωΰ
722 964 838 1039 στοιβὴν
868 962 1029 1048 προθέσεων
1052 967 1152 1040 aalma
1172 970 1247 1028 οὕτω

107 1040 221 1107 τίθησιν
235 1045 249 1105 ὃ
263 1047 402 1119 ποιητὴς,
424 1051 491 1110 ἀλλ’
512 1052 620 1118 ἑκάστη
636 1056 692 1114 τῶν
705 1054 891 1126 συγκειμένων
913 1053 1042 1122 σημαίνει
1065 1075 1105 1113 τι.
1149 1049 1248 1115 Tales

106 1131 248 1209 argutiae
270 1149 291 1193 a
320 1150 397 1195 varo
422 1134 601 1200 abducunt.
646 1137 784 1202 Saniora
811 1135 1018 1199 tradiderunt
1048 1139 1249 1202 recentiores

108 1216 220 1290 multi,
243 1233 446 1299 quamquam
470 1221 611 1286 fortasse
636 1241 706 1287 non
722 1226 814 1305 justa
843 1221 1019 1301 diligentia
1046 1225 1170 1306 ubique
1195 1243 1274 1288 ca·-

107 1308 234 1399 veutes,
245 1321 287 1366 ne
299 1304 336 1368 in
352 1306 491 1372 alteram
504 1317 679 1392 peccarent
693 1313 833 1394 partem.
888 1306 926 1372 V.
943 1305 1101 1374 Promoti.
1116 1309 1158 1374 de
1168 1326 1249 1396 μνω-

101 1388 334 1471 positionibus.
379 1392 455 1472 Sed,
478 1413 519 1458 ne
541 1395 673 1478 longius
697 1395 900 1473 aberremus,
923 1397 1141 1480 nobisplaoet
1162 1399 1251 1463 intra

106 1475 203 1549 fines,
217 1495 298 1557 quos
323 1481 502 1562 posuimus,
523 1501 667 1548 manere.
713 1477 801 1548 Nam
832 1483 861 1545 si
888 1483 989 1545 latins
1012 1489 1146 1566 accepto
1160 1486 1250 1568 pleo-

106 1577 227 1625 nasmo
240 1563 335 1628 nobis
350 1566 450 1652 piane
476 1573 628 1634 constare
642 1571 812 1648 vellemus,
833 1586 902 1632 non
927 1569 1035 1632 solum
1060 1572 1102 1632 de
1124 1573 1253 1655 pr’aepo-

108 1647 302 1728 sitionibus,
334 1669 475 1733 quarum
508 1655 621 1738 plures
647 1657 684 1720 in
709 1657 817 1720 verbis
843 1657 1035 1739 compositis
1059 1657 1174 1722 otiosas
1200 1659 1252 1722 vel

108 1741 192 1798 sunt
205 1737 256 1798 vel
272 1737 437 1816 dicantem,
458 1737 515 1804 sed
529 1742 631 1806 etiam
645 1743 687 1806 de
711 1743 787 1806 aliis
811 1742 1081 1825 inseparabilium
1104 1744 1173 1807 rim
1195 1745 1253 1806 lra-

107 1821 272 1885 bentibus
294 1822 519 1891 dissereudum
541 1834 636 1903 esset,
671 1834 703 1902 oi,
719 1829 767 1902 la,
788 1840 829 1904 λι,
851 1833 887 1892 et
901 1829 1254 1893 determinationibus

107 1908 326 1988 quibusdam,
363 1918 401 1974 ut
433 1913 703 1978 diminutivorum
739 1922 773 1979 et
810 1915 1130 1998 amplificativorum.
1174 1914 1254 1980 Haeo

107 2013 192 2144 ιῖἑςο
220 1993 263 2058 nd
287 1999 538 2081 etqmologicnm
564 2003 791 2084 grammatica
811 1997 940 2085 partem
961 2003 1165 2095 pertinentia
1186 2021 1252 2066 non

153 2099 302 2160 agemus.

161 2163 330 2233 Hactenus
355 2169 438 2233 nihil
464 2171 532 2236 iere
553 2173 655 2248 aliud,
677 2191 778 2256 quam
799 2191 952 2258 campum
967 2190 1085 2258 purum
1102 2173 1254 2253 fecimus,

111 2253 152 2316 in
167 2271 235 2336 quo
254 2257 350 2320 nobis
374 2257 612 2322 decurrendum
633 2267 848 2343 putaremus,
873 2262 973 2324 nimis
1000 2262 1098 2340 longo
1116 2259 1253 2323 fortasse

110 2360 178 2404 nec
207 2343 287 2404 satis
317 2343 486 2408 fructuoso
513 2344 678 2428 perfuncti
708 2348 834 2410 labore.
880 2345 945 2408 Sed
970 2347 1132 2409 voluimus
1154 2348 1255 2410 etiam
1299 2390 1302 2396 -

108 2427 336 2507 cogitatorum
358 2436 546 2495 nostrorum
571 2433 734 2495 rationem
758 2431 903 2496 reddere.
947 2430 1025 2495 Jam
1050 2437 1083 2496 et
1099 2432 1194 2496 nobis
1219 2438 1254 2496 et

111 2513 295 2578 lectoribus
306 2516 483 2598 jucundior
505 2517 637 2581 dabitur
660 2520 826 2583 decursio.
872 2517 961 2582 Nam
983 2519 1018 2580 hl
1042 2519 1071 2581 si
1094 2519 1181 2580 forte
1200 2536 1254 2582 me

113 2602 155 2664 in
171 2602 322 2666 confiniis
346 2604 611 2687 pleonasmorum
632 2606 770 2670 liberius
783 2608 895 2688 vagari
921 2612 1022 2686 atque
1044 2604 1145 2668 etiam
1161 2610 1255 2668 extra

112 2688 201 2751 fines
214 2707 384 2753 excurrere
408 2691 562 2771 viderint,
583 2691 739 2756 hactenus
753 2693 897 2756 sortasse
917 2690 1175 2772 reprehendent:
1200 2690 1256 2753 sed

112 2780 208 2837 certe
233 2792 298 2839 non
321 2776 598 2858 indignabuntur,
620 2794 656 2841 se
680 2794 757 2840 mea
779 2779 879 2860 culpa
903 2776 1012 2839 nescio
1037 2794 1104 2857 quo
1128 2774 1256 2839 delatos

113 2878 228 2942 neque
248 2862 346 2925 utilia
378 2882 486 2945 neque
506 2864 653 2945 Jucunda
684 2866 838 2946 ἱστορῆσαι.
886 2861 959 2926 Hoc
990 2863 1124 2942 quidem
1152 2863 1256 2925 etiam

114 2948 320 3027 iniquissimi
340 2948 468 3029 judices
488 2950 687 3032 probabunt,
712 2952 802 3031 quod
824 2968 876 3028 aa,
896 2970 970 3031 quae
992 2952 1256 3030 pleonasmorum

114 3032 255 3097 nomine
275 3033 437 3108 feruntur,
460 3036 517 3098 sed
535 3038 627 3118 justa
648 3038 924 3119 interpretatione
945 3035 1037 3097 facta
1058 3032 1100 3095 ad
1122 3050 1256 3118 sensum

111 3122 313 3203 popularem
336 3129 370 3185 et
394 3122 577 3204 simplicem
605 3123 756 3199 redeunt,
778 3123 860 3185 mihi
882 3120 1053 3183 tractanda
1081 3120 1256 3184 vindicari.

114 3205 211 3270 Nam
226 3207 267 3271 de
283 3208 333 3270 his
349 3208 399 3269 vel
415 3209 559 3271 maxime
583 3208 750 3291 inquirere
766 3208 905 3271 studiosi
928 3212 961 3269 et
983 3206 1065 3268 allos
1087 3208 1256 3271 consulere

114 3294 256 3356 debent.
1139 3315 1149 3348 ·.

164 3380 197 3463 §-
229 3378 278 3443 10.
324 3378 418 3444 Sicut
442 3379 635 3444 Eustathius
666 3382 710 3465 (ξ.
744 3378 865 3462 anteo.)
900 3362 1150 3462 praeposiiiones
1177 3397 1259 3442 non·
1295 3402 1300 3415 ¹

115 3466 232 3530 nullas
248 3467 282 3527 in
298 3468 406 3530 verbis
420 3468 613 3549 compositis
628 3468 767 3531 nimium
782 3467 934 3547 urgebat,
949 3465 1046 3527 itaet
1069 3467 1140 3547 ipse
1151 3473 1184 3529 ct
1199 3466 1258 3530 alii

114 3552 325 3633 antiquiores
348 3555 449 3616 etiam
475 3554 683 3634 grammatici
709 3572 828 3636 parum
849 3551 1014 3632 urgebant
1037 3552 1261 3633 pleonasmos,

115 3640 182 3720 qui
200 3656 221 3700 a
238 3638 335 3700 nobis
356 3640 516 3703 dicuntur.
563 3636 634 3702 Hos
660 3641 689 3702 si
717 3642 829 3702 liceret
852 3638 953 3717 sequi,
976 3639 1091 3718 paucis
1111 3656 1190 3702 sanc
1206 3640 1260 3702 dc-

116 3728 346 3805 fungeremur.
391 3724 478 3789 Nam
505 3726 678 3809 descriptis
697 3725 862 3809 capitibus
895 3725 960 3785 duo
992 3742 1113 3804 genera
1148 3726 1261 3788 torbo-

118 3832 201 3874 rum
223 3816 451 3888 statueremus,
489 3812 518 3895 1)
540 3813 659 3891 ubique
673 3812 883 3895 ωλεσνιὲζωτιι,
908 3828 982 3889 quae
1004 3817 1090 3874 sunt
1118 3814 1263 3875 maxime

115 3898 296 3982 particulae
323 3902 653 3983 ωσιραπληρωμμτικαίς
675 3898 712 3981 2)
733 3897 936 3972 εθΐῐίῌοοίε
964 3897 1169 3979 πλεονάζοντα,
1191 3917 1264 3979 quae

117 3983 224 4049 nobis
242 3984 396 4068 deinceps
411 3990 488 4047 sunt
513 3985 655 4046 maxime
679 3983 895 4066 explicanda;
919 3982 953 4043 id
975 3989 1085 4046 autem
1102 3986 1149 4048 sic
1162 3987 1262 4047 inter-

117 4076 343 4155 pretaremur,
365 4077 402 4133 ut
427 4072 468 4134 ad
494 4084 629 4134 sensum¹
655 4073 759 4154 ipsum
796 4069 831 4130 in
856 4073 971 4132 neutro
999 4088 1118 4150 genere
1145 4072 1262 4133 horum

119 4158 302 4221 verborum
328 4159 431 4221 ullam
458 4160 524 4219 vim
548 4158 652 4220 inesse
665 4158 858 4232 diceremus,
888 4155 945 4218 sed
967 4161 1098 4218 tantum
1114 4157 1180 4219 illis
1208 4174 1263 4217 ex·

118 4244 214 4327 pleri
235 4245 292 4307 'vel
316 4262 523 4307 numerorum
549 4260 658 4321 cansa,
679 4243 730 4305 vel
755 4237 924 4326 elegantia
938 4244 1120 4324 cujusdam,
1143 4242 1264 4303 oratio-

121 4348 229 4403 nem3
253 4332 287 4392 in
308 4330 369 4396 boc
394 4331 538 4413 quidem·
559 4333 797 4413 repugnanter:
834 4329 996 4409 quomodo
1025 4328 1114 4391 enim
1131 4329 1264 4407 elegans

119 4434 202 4480 esse
226 4422 349 4500 potest,
375 4418 464 4497 quod
484 4416 583 4499 plane
609 4415 692 4501 ἀργὸν
715 4415 857 4478 habetur
878 4416 1079 4484 adsensum,
1104 4420 1136 4476 et
1152 4432 1264 4496 super-

122 4506 333 4567 vacaneum?
356 4502 433 4567 Non
456 4504 562 4567 solum
590 4508 700 4565 autem
724 4502 935 4583 grammatici
957 4507 1083 4562 veteres
1104 4500 1263 4585 plerique,

128 4589 315 4655 sedetiam
349 4590 495 4654 rhetores
527 4589 676 4652 nonnulli
710 4608 808 4652 sonos
834 4588 920 4663 illos,
955 4605 1038 4665 quos
1069 4587 1266 4666 significavi,

123 4696 232 4747 sensu
254 4693 367 4742 cassos
387 4682 421 4742 et
443 4677 559 4742 inanes
589 4674 790 4775 statuebant,
820 4674 1046 4759 vocabantque
1066 4678 1266 4759 παραπληρώ-
