3117 5175
172 485 175 494 ⁶
276 407 336 474 iat
507 401 761 469 'PLEONASMI
783 401 1148 464 courummonmr.

275 541 375 652 noxa,
389 588 427 646 ιιι
441 579 483 644 D.
498 578 594 648 dicit,
608 573 665 638 sed
690 572 873 638 neccssaria
894 570 936 632 de
960 587 1061 636 causa
1083 568 1231 652 positum
1243 573 1308 632 est.
1349 568 1401 633 Sic

277 670 376 730 etiam
403 669 437 732 in
463 666 583 730 ceteris
606 662 700 732 locis,
722 660 844 740 quibus
864 657 921 719 ille
947 657 1206 738 disputationem
1231 673 1325 718 suam
1351 658 1400 720 in·

275 755 407 824 struxit,
435 751 521 814 ratio
534 747 704 832 particulae
729 748 848 808 iterum
861 742 1092 826 positaereddi
1114 749 1239 825 potest.
1282 739 1328 804 Er
1349 744 1399 806 bi,
1516 786 1517 789 ,

274 845 384 904 autem
398 845 504 920 patet,
519 836 608 914 quod
624 835 766 896 maxime
778 832 875 896 nobis
881 829 1053 892 dicendum
1063 837 1127 901 est,
1139 830 1300 892 sociatam
1312 829 1396 894 illam

274 943 348 990 cum
362 923 391 985 δὲ
411 925 518 990 tacere
531 922 574 985 ad
595 920 864 1003 perspicuitatem
878 916 1117 980 sententiarum
1141 917 1207 978 rite
1220 915 1396 978 discernen-

275 1012 404 1082 darum,
428 1011 572 1090 itemque
594 1007 637 1070 ad
661 1011 832 1070 externam
855 1003 1114 1069 concinnitatem
1134 1007 1170 1065 et
1194 1019 1396 1066 numerorum
1517 1048 1519 1083 3

275 1097 439 1180 quandam
452 1097 607 1176 gratiam.
652 1092 716 1157 Sed

319 1182 350 1246 2.
366 1184 395 1246 si
409 1183 451 1246 de
465 1201 562 1248 sensu
577 1199 720 1264 quaeras,
735 1183 907 1258 certasque
921 1175 984 1250 tibi
1008 1173 1206 1240 Latinorum
1226 1173 1400 1257 particulas
1517 1208 1518 1239 l

276 1271 346 1334 dari
363 1270 453 1347 velis,
475 1269 596 1350 quibus
618 1268 684 1331 illae
706 1265 835 1350 possint
858 1263 1029 1344 explicari,
1042 1264 1096 1338 μὲν
1117 1263 1256 1346 proprie
1280 1267 1402 1325 statuas

277 1377 347 1420 esse
360 1375 431 1420 vere
444 1376 469 1418 s.
484 1375 573 1428 sane,
588 1355 644 1416 sed
660 1357 719 1426 ita.
736 1357 772 1414 ut
786 1352 897 1414 minus
910 1350 1054 1429 graviter
1075 1351 1343 1429 confidenterque
1355 1350 1403 1413 si·

278 1445 393 1520 firmet,
420 1461 521 1522 quam
546 1440 619 1515 μὴν,
647 1441 687 1504 de
721 1457 789 1518 qua
815 1435 979 1520 particula
1006 1438 1042 1499 iu
1071 1435 1239 1500 adverbiis
1267 1435 1399 1512 egimm.

279 1527 364 1594 Nam
379 1527 482 1593 Jones
502 1536 543 1614 τῷ
559 1529 611 1601 μὲν
624 1527 803 1590 utebantur
815 1542 875 1606 pro
887 1521 956 1596 pris.
1001 1520 1184 1602 Gregorius
1206 1521 1250 1585 de
1262 1518 1400 1586 &deciis

279 1635 313 1700 p.
329 1615 400 1680 223.
417 1617 466 1679 ed·
495 1612 591 1678 Koen.
616 1623 639 1651 ‘⁶
656 1611 715 1675 Τὸν
733 1606 946 1684 nummariam
967 1605 1072 1670 ΜΕΝ
1100 1608 1252 1682 σύνδεσμον
1271 1606 1334 1670 ἀντὶ
1356 1617 1401 1674 τοῦ
1519 1658 1521 1679 s

280 1709 305 1740 “
325 1701 650 1786 παρατλυρωμοτικοῦ”
665 1699 701 1780 (1.
717 1719 746 1762 e.
762 1697 837 1781 μὴν)
858 1705 881 1733 “
899 1696 1175 1780 προσλαμβάνουσιν·
1191 1691 1407 1778 ὑςπορ”Ἧρο·

279 1798 304 1827 “
328 1789 410 1874 δότῳ,
428 1784 474 1861 μὴ
494 1789 546 1862 μὲν
567 1781 811 1866 ἔχεινἘλένπι.”
853 1779 960 1846 Locus
975 1789 1027 1844 est
1040 1780 1078 1844 11.
1100 1783 1172 1847 118.
1218 1779 1408 1855 Hiucsiab

303 1878 378 1940 lane
392 1895 451 1958 pro
472 1872 491 1940 ἦ
515 1871 575 1948 μὴν
595 1873 630 1934 ἰιι
650 1869 862 1952 jurejurando
884 1868 1029 1933 occurrit
1052 1863 1148 1934 Iliad.
1171 1869 1212 1932 A.
1238 1867 1296 1932 77.
1317 1873 1354 1930 et
1372 1870 1408 1930 Ξ.

279 1971 289 1990 ·
324 1960 357 2023 5.
412 1959 475 2022 Sed
499 1979 597 2040 quam
626 1958 722 2021 iacile
746 1953 779 2018 H
802 1975 877 2020 cum
900 1950 929 2017 E
949 1955 986 2017 iu
1007 1957 1132 2020 voculis
1152 1963 1224 2020 tam
1245 1955 1409 2018 similibus

282 2047 509 2130 permutatur!
569 2043 632 2108 His
657 2045 760 2127 igitur
790 2043 870 2106 iocis
897 2061 962 2105 nou
990 2046 1102 2121 potest
1129 2044 1271 2106 multum
1298 2041 1408 2104 tribui.

281 2131 482 2196 Certioribus
509 2131 713 2214 argumentis
743 2149 837 2192 usum
866 2126 1034 2211 particulae
1055 2127 1241 2201 βεβωηιλ
1270 2126 1410 2190 firmarit

281 2217 489 2297 Hoogeveen.
534 2215 610 2279 Vid.
636 2213 782 2298 Epitom.
806 2214 955 2279 Schiitzii
980 2232 1015 2295 p.
1031 2209 1107 2276 470.
1123 2235 1167 2279 ss.
1210 2213 1279 2278 Sed
1299 2215 1409 2278 omisit

281 2305 335 2368 ilie
356 2309 595 2382 argumentum,
618 2302 706 2382 quod
728 2303 798 2382 jam
813 2301 994 2384 explicabo.
1038 2296 1206 2366 Nimirum
1228 2320 1318 2382 saepe
1336 2301 1409 2363 sim·

279 2389 357 2473 plex
372 2390 423 2462 μὲν
437 2388 616 2470 opponitur
630 2387 802 2468 negationi
817 2391 860 2452 ori.
906 2384 1068 2449 Herodot.
1094 2389 1116 2450 i.
1136 2387 1207 2451 139.
1249 2383 1306 2450 Ἐς
1328 2393 1411 2449 τοῦτο

281 2475 367 2557 (scil.
383 2474 418 2536 rb
430 2477 568 2558 γράμμα,
585 2471 619 2536 rd
634 2471 682 2623 Σὲ
694 2471 841 2554 διζήμενος
861 2473 986 2557 εὑρήσεις
1006 2480 1188 2538 numam
1202 2480 1261 2537 τῦυ
1279 2471 1411 2557 Περσέα

283 2561 323 2627 τὰ
336 2563 491 2636 οὐνόματα,
506 2564 538 2623 od
561 2559 599 2623 τοὶ
614 2557 653 2623 Μ

283 2649 461 2714 manifesto
476 2648 529 2723 μὲν
545 2654 693 2711 nontam
708 2647 881 2727 conjungit
894 2646 1089 2722 sententias,
1110 2667 1211 2728 quam
1222 2649 1314 2712 clarc
1328 2647 1413 2709 sli'r·

683 2555 732 2633 N,
756 2558 796 2624 rai
816 2557 843 2621 δ’
864 2556 943 2634 OT,
964 2559 1046 2623 ἀλλὰ
1064 2560 1162 2624 πάντα
1186 2563 1304 2637 ὁμοίως.
1347 2556 1411 2623 Hic
1522 2637 1523 2642 ἵ

283 2744 372 2801 mat:
396 2734 520 2815 alioqui
548 2733 673 2797 dictum
694 2740 782 2797 esset
794 2737 826 2795 οὐ
850 2732 962 2805 τὰμὲν
983 2731 1084 2805 ὅπως,
1107 2742 1167 2799 aut
1188 2734 1292 2798 simili
1313 2732 1413 2796 verbo
1522 2739 1523 2748 ’

282 2822 421 2901 adjecto.
467 2820 570 2885 Sicci
585 2822 619 2883 ii.
634 2820 687 2885 37.
702 2818 1090 2900 οιχὸμὲι,ὁδόὖ,ἀιλᾶ
1112 2824 1229 2885 πάντες.
1274 2817 1413 2885 Platin

283 2904 367 2977 Crit.
383 2908 446 2973 voi.
462 2908 484 2970 1.
497 2928 531 2991 p.
552 2904 621 2971 108.
645 2913 677 2969 οὐ
698 2908 795 2968 πάσας
814 2905 878 2989 χρὴ
892 2904 946 2967 τὰς
960 2901 1045 2979 δόξας
1058 2914 1114 2985 ro'p
1135 2905 1291 2991 ‹r’rdpa'am
1313 2916 1412 2986 ποιῷ,

283 2993 364 3057 ἀλλ’.)
378 3002 434 3059 τῶν
449 2994 512 3071 μὲν,
524 2992 616 3056 τῶνδ’
630 2998 673 3057 od.
718 2988 761 3055 Et
776 2988 885 3055 Phoed.
900 3011 932 3074 p.
947 2988 1022 3055 208.
1050 2990 1179 3078 Uda-spor
1191 2990 1248 3071 oda,
1261 2994 1330 3073 ἔφη,
1343 2994 1415 3067 51⁸,-

285 3102 339 3142 τας
354 3077 419 3143 τοὺς
434 3076 593 3163 ’ἔμπροσθεν
620 3082 722 3153 λόγους
742 3088 793 3141 οὐκ
807 3074 1040 3159 ἅποδέχεοῦε,ἢ
1063 3076 1129 3143 τοὺς
1151 3082 1216 3153 μὲν,
1237 3078 1305 3142 τοὺς
1319 3078 1415 3147 δὀὖς

282 3160 358 3228 Τοὺς
370 3166 423 3239 μὲν
437 3167 557 3245 ἐφάτην,
585 3164 649 3227 τοὺς
662 3164 687 3225 δ’
698 3168 741 3227 οὐ.
786 3164 1091 3229 Anthoi.Gr.t0m.
1107 3167 1130 3230 i.
1148 3166 1250 3250 p.54.
1271 3166 1327 3228 ed.
1346 3163 1418 3228 Ja-

282 3250 376 3313 cobi:
402 3248 465 3311 Kal
477 3249 540 3311 rods
553 3246 737 3313 Φωκυλίδου.
783 3250 877 3333 Λέριοι
890 3255 982 3313 κακοί·
993 3256 1054 3333 οὐχ
1068 3254 1146 3325 ὃμὲν
1156 3252 1187 3317 ὃς
1199 3252 1225 3314 δ’
1235 3256 1279 3316 οὐ·
1297 3254 1420 3323 «ἄπει,

283 3335 361 3399 salv
389 3333 564 3418 Προκλέους·
586 3334 634 3397 καὶ
656 3334 810 3420 Προκλέος
832 3335 940 3420 Λέριος.
983 3336 1062 3403 Jam
1082 3358 1157 3403 vero
1178 3336 1209 3402 δὲ
1230 3340 1420 3403 affirmandi

283 3420 454 3505 particulae
481 3420 680 3503 respondens
707 3422 772 3485 erit
796 3430 910 3487 tamen.
944 3421 1026 3488 Haec
1048 3426 1121 3506 ejus
1134 3426 1186 3487 vis
1207 3426 1423 3489 adversativa

283 3512 334 3580 ast
348 3506 580 3582 usitatissima,
602 3513 637 3571 et
662 3526 749 3591 saepe
763 3508 923 3575 declarari
946 3516 1058 3593 potest
1072 3513 1247 3594 particulis
1259 3518 1372 3577 contra
1386 3516 1424 3575 et

277 3592 400 3678 potius.
449 3592 513 3657 Sed
527 3600 565 3659 ιιι
579 3595 662 3659 istuc
677 3595 823 3667 redeam,
837 3597 864 3659 si
879 3597 1034 3661 universo
1047 3616 1189 3679 quaeras,
1201 3600 1325 3678 quibus
1339 3618 1422 3681 par·

283 3681 394 3743 ticulis
410 3681 495 3745 verti
511 3681 653 3745 debeant
664 3682 716 3755 μὲν
729 3688 764 3746 et
777 3680 818 3761 δὲ,
832 3684 889 3747 ubi
912 3683 999 3747 inter
1013 3702 1049 3748 se
1062 3686 1285 3767 respondent;
1307 3686 1423 3750 nullas

285 3764 552 3851 babebispraeter
578 3766 706 3853 quidem
727 3774 762 3832 et
786 3778 901 3833 aulem.
945 3768 1011 3833 Sed
1034 3778 1144 3835 tamen
1170 3778 1206 3836 et
1230 3772 1281 3834 bis
1305 3772 1340 3835 iu

284 3852 451 3935 plerisque
462 3856 498 3916 in
514 3855 595 3918 locis
609 3854 726 3927 utaris,
741 3860 774 3918 et
788 3854 887 3921 isciie
900 3858 1039 3931 sentias,
1060 3857 1207 3941 priorem
1221 3858 1292 3921 fere
1313 3778 1425 3939 ”3¹2

285 3939 426 4019 gendam
441 3958 526 4013 esse,
540 3942 756 4023 posteriorem
770 3942 867 4005 modo
889 3944 1007 4007 leniori
1029 3944 1128 4007 modo
1141 3944 1288 4025 graviori
1311 3946 1427 4028 parti·

285 4026 359 4089 cuia
372 4024 584 4091 reddendam.
630 4026 694 4091 Sed
709 4028 750 4091 de
767 4027 830 4092 bac
842 4049 878 4092 re
892 4029 962 4091 alii.

328 4110 361 4176 3.
386 4110 437 4175 Ad
462 4132 522 4176 nos
544 4114 686 4179 maxime
711 4115 774 4179 boc
796 4115 952 4197 pertinet,
977 4124 1016 4181 ut
1029 4136 1235 4191 moneamus,
1248 4117 1303 4192 μὲν
1327 4123 1366 4183 et
1394 4116 1428 4179 δὲ
1522 4127 1523 4148 ¹

286 4197 374 4262 inter
387 4218 422 4263 se
437 4200 557 4263 relatas
572 4201 692 4284 saepius
709 4202 757 4264 ita
770 4203 862 4283 poni,
884 4206 923 4265 ut
936 4206 1072 4288 propria
1087 4223 1202 4267 earnm
1215 4204 1267 4267 uis
1279 4206 1429 4267 omnino

286 4303 351 4349 non
367 4285 473 4368 possit
487 4290 610 4367 urgeri,
636 4286 744 4350 sedat
765 4288 993 4352 tantummodo
1016 4290 1190 4355 sententiis
1213 4296 1294 4373 apte
1318 4310 1429 4374 copu-

285 4371 392 4435 landis
409 4372 610 4438 inserviant.
646 4370 816 4437 Hactenus
837 4375 902 4440 illoe
921 4378 1065 4441 maxime
1087 4376 1269 4443 abundant.
1314 4374 1428 4461 lapsi

284 4464 361 4519 suut
388 4458 450 4521 viri
478 4458 566 4523 docti
593 4460 659 4523 vim
686 4478 800 4522 earum
822 4460 1050 4544 intempestive
1070 4470 1238 4543 urgentes,
1262 4484 1339 4547 quse
1371 4482 1429 4527 res

284 4541 367 4604 mihi
396 4563 528 4609 causam
551 4546 656 4617 dedit,
680 4553 718 4609 ut
743 4546 784 4609 de
810 4566 872 4610 usu
894 4566 1007 4613 earum
1034 4572 1073 4615 co
1096 4550 1224 4616 ulativo
1244 4550 1287 4613 acl
1308 4546 1429 4613 xeno·

283 4626 439 4709 phorum
454 4631 666 4725 disputarem.
712 4630 788 4713 Vid.
804 4634 874 4705 iad.
891 4634 954 4701 sub
967 4639 1032 4712 μέν.
1109 4636 1224 4719 icjam
1238 4637 1309 4701 alia
1327 4656 1427 4719 qnae·
