3117 5175
282 379 285 393 '
375 443 380 464 .
482 376 895 498 munacianensis.
1107 389 1236 494 Ἰιιι
1373 448 1395 501 ,ι

112 591 217 662 nami
231 596 333 680 atque
360 593 598 682 ellipsooaesae
618 598 893 671 similitudinem
914 593 1165 665 similitudinem
1185 595 1308 670 eolis
1362 634 1366 644 «
1444 623 1449 630 ·

110 679 194 760 quod
210 682 245 748 in
261 685 452 765 pleonasmo
466 687 623 769 pleraque
648 689 816 754 contraria
830 688 923 757 aunt,
937 703 1038 766 qoam
1060 684 1094 752 in
1108 682 1240 764 ultimis

109 765 425 846 dissimilitudinem,
438 774 526 854 quod
544 791 609 844 nou
631 774 753 838 omnia.
797 770 933 857 Filipsia
954 773 1160 852 eoimquom
1174 787 1241 838 noa
1301 780 1305 786 “

108 853 354 936 poeniteniam
381 877 465 934 ease,
488 879 562 944 quaa
584 867 703 944 sponte
724 858 866 940 intelligi
890 864 1068 940 nequeant,
1090 860 1241 938 apertum

108 945 173 1013 eat,
188 959 272 1017 ease,
285 961 365 1026 quae
379 948 572 1012 aemunitate
585 947 726 1034 quadam
737 947 782 1012 ab
796 963 934 1010 numero
953 945 1121 1027 ellipsium
1134 941 1243 1011 exaio·

107 1025 245 1096 dantus:
267 1032 476 1114 pleonasmus
498 1031 619 1112 autem,
645 1033 732 1115 quod
756 1032 925 1116 superflua
947 1047 1081 1097 sanmm
1102 1047 1146 1098 ox
1168 1045 1242 1094 ora

106 1113 199 1181 tione
214 1134 280 1182 non
294 1119 426 1194 tollunt,
442 1137 508 1184 non
529 1121 658 1202 patitur
679 1126 746 1184 tam
776 1121 875 1186 oei-tis
899 1134 936 1184 se
959 1118 1087 1184 linibus
1105 1113 1243 1181 eiacum·

108 1201 218 1268 scribi.
262 1199 377 1285 ltaque
391 1208 454 1270 etsi
469 1209 651 1287 utriusque,
666 1211 700 1272 et
722 1206 876 1288 ellipsaos
901 1211 937 1271 et
957 1201 1140 1287 pleonasmi
1162 1215 1244 1268 usus

108 1286 147 1350 in
160 1305 290 1370 quaque
301 1291 414 1372 lingua
424 1295 637 1376 experientia
650 1298 714 1365 est,
727 1298 839 1359 tamen
859 1292 941 1373 quid
955 1310 1022 1358 aon
1037 1290 1082 1358 sit
1103 1287 1242 1370 ellipsis·

109 1377 431 1459 emesenam-quid
454 1399 520 1444 non
544 1381 589 1444 sit
616 1379 838 1464 pleonasmus,
863 1395 917 1453 eo,
937 1377 1027 1460 qood
1052 1380 1170 1460 aptum
1192 1374 1242 1440 in·
1307 1394 1311 1404 ·

107 1465 265 1540 optumae
279 1468 343 1535 eei,
357 1453 521 1530 definitur.
564 1465 612 1530 Ae
634 1466 789 1542 uidimus,
813 1467 944 1550 ellipsin
966 1471 1000 1529 et
1022 1462 1150 1546 oopulo
1172 1473 1243 1524 ease

106 1551 142 1609 et
156 1548 308 1628 subjecti,
324 1569 389 1614 non
403 1552 505 1615 etlam
531 1551 714 1635 pomdioati,
734 1553 800 1617 nisi
815 1552 877 1625 aie,
890 1552 1015 1633 atejus
1036 1550 1150 1629 aliqua
1163 1559 1242 1628 pesa

107 1633 296 1699 omittetur.
353 1633 473 1702 Omitti
503 1639 591 1702 enim
615 1645 765 1722 possunt,
790 1657 865 1718 quaa
889 1641 1033 1704 maxima
1058 1634 1244 1700 neoemria

106 1725 199 1798 sunt,
225 1724 306 1802 quia
331 1723 374 1786 ob
401 1724 434 1787 id
460 1727 568 1808 ipsum
591 1731 710 1808 sponte
732 1724 983 1805 intelliguntur:
1015 1721 1106 1804 quod
1125 1725 1253 1796 eontra

106 1803 220 1872 minua
234 1811 473 1884 necessarimm
489 1812 624 1883 abeunt,
651 1827 717 1875 non
744 1811 986 1891 intelliguntur,
1007 1809 1089 1891 quia
1102 1825 1143 1873 ne
1158 1804 1244 1870 desi·

105 1889 267 1964 derantur
295 1895 442 1976 quidem.
501 1895 741 1980 Propemodum
768 1897 934 1964 contraria
963 1897 1050 1962 ratio
1078 1898 1130 1959 eat
1153 1893 1243 1976 pleo-

107 1981 231 2044 nasmi.
275 1978 483 2064 Quamquam
505 1982 595 2048 enim
617 2003 676 2067 per
697 2003 733 2048 ae
759 1983 843 2048 nihil
868 1990 932 2058 est,
958 1983 1048 2066 quod
1073 1978 1244 2046 abundate

106 2071 265 2145 nequeat,
290 2074 413 2148 mansa,
444 2072 598 2154 quoniam
629 2071 839 2154 pleonasmus
867 2074 921 2134 eat
945 2068 1089 2150 adjectio
1116 2067 1245 2138 eomm,

105 2167 185 2229 quse
209 2157 251 2216 ne
276 2157 463 2234 eogitantur
487 2157 634 2237 quidam,
662 2160 918 2222 consentaneum
937 2161 1001 2227 est,
1027 2171 1106 2218 eum
1125 2153 1170 2216 ab
1192 2153 1245 2215 luis

105 2237 275 2318 partibus,
297 2257 372 2320 quaa
398 2244 542 2306 maxime
570 2249 646 2308 aunt
671 2244 876 2314 necessariae,
898 2243 1093 2326 plerumque
1117 2239 1246 2312 abasse,

104 2323 199 2404 quod
224 2323 284 2388 hea
306 2333 429 2408 partes,
452 2333 490 2392 ut
513 2345 588 2410 qum
610 2330 752 2394 maxime
771 2330 952 2400 emineant,
980 2325 1090 2390 inutili
1118 2323 1247 2386 addita·

104 2416 226 2474 mento
240 2414 368 2498 onerem
391 2431 456 2478 non
477 2415 655 2488 eonvenit3
676 2416 709 2478 in
725 2415 768 2478 iis
784 2419 896 2478 autem
917 2411 1070 2495 pastibus
1090 2410 1246 2490 frequen·

102 2495 178 2559 tius
193 2497 346 2574 inveniri,
373 2518 448 2582 quaa
469 2501 556 2581 quod
581 2499 782 2564 secundariae
804 2507 896 2573 aunt,
919 2499 1051 2562 lucilius
1069 2496 1312 2569 delitescit,199

102 2582 134 2647 ai
160 2585 243 2665 quid
265 2585 365 2651 alieni
390 2588 539 2652 additum
565 2594 625 2651 est.
680 2583 830 2666 Eamne
849 2604 920 2649 sem
948 2583 1122 2649 emiliamat
1143 2583 1246 2647 etiam

101 2670 205 2752 origo
229 2673 423 2755 pleonasmi.
477 2673 643 2755 Numqui
668 2690 744 2735 veae
765 2670 925 2736 dioendus
949 2677 1000 2735 eat
1022 2673 1243 2753 pleonasmus,
1313 2684 1316 2690 ’

100 2756 180 2836 ejus
201 2757 267 2822 duo
290 2765 377 2832 aunt,
401 2776 462 2823 nec
490 2757 602 2841 plui-ea
628 2776 764 2822 numero
786 2758 903 2823 fontes
960 2754 1094 2820 Renim
1114 2765 1174 2821 aut
1195 2755 1243 2819 lo·

99 2843 228 2923 quutio
242 2848 290 2909 sie
304 2846 410 2909 multo
423 2862 486 2907 usu
503 2846 597 2918 trita,
620 2851 658 2908 ut
671 2844 797 2926 aliquid
811 2846 853 2907 de
873 2846 1010 2927 propria
1023 2861 1085 2905 aua
1106 2844 1139 2906 si
1160 2842 1244 2905 ami.

101 2928 205 3000 senii,
221 2930 263 2991 ad
277 2933 404 3001 alienas
417 2950 471 2993 ros
494 2932 706 3003 transfertur,
732 2937 793 2995 aut
807 2930 949 2995 iteratio·
959 2932 1073 3011 aliqua
1095 2928 1244 3010 ejusdem

100 3014 271 3087 notionis,
286 3016 410 3079 adsim
424 3018 585 3081 orationis
607 3017 793 3098 aagendam
817 3017 964 3088 inventa,
984 3036 1055 3095 quae
1074 3034 1151 3077 eam
1176 3015 1243 3077 uim

99 3102 548 3269 uastitatem
569 3104 901 3273 {illusisti
915 3103 1244 3267 :titillatio
1338 3188 1342 3197 ·

97 3272 354 3357 caderepossit.
399 3274 559 3358 copulam
572 3277 674 3348 enim,
688 3280 727 3341 ut
740 3294 817 3357 quaa
843 3278 878 3339 in
900 3275 991 3339 omni
1009 3272 1244 3337 enuntiatione

97 3362 297 3423 neeeaaesia
310 3368 371 3435 eat,
386 3369 420 3427 et
435 3362 477 3424 ob
499 3363 747 3444 simplieitatem
769 3362 927 3432 notionis,
948 3366 983 3425 et
1004 3359 1093 3442 qnod
1113 3375 1245 3443 senapas

97 3446 228 3509 eadem
240 3454 305 3518 est,
328 3448 520 3531 pleonasmo
544 3466 657 3514 caseum
681 3448 782 3511 deaei.
826 3446 1021 3527 subjeetum
1042 3452 1154 3510 eutem
1167 3462 1243 3529 par·

98 3548 185 3595 raro
200 3534 321 3614 recipit
339 3535 577 3615 pleonasmum,
593 3534 759 3615 quiscum
773 3540 900 3599 eertum
923 3552 962 3599 ae
985 3532 1157 3597 delinitum
1171 3551 1244 3596 asse

96 3618 327 3695 debeat,iere
340 3626 374 3684 et
398 3622 617 3685 intensionem
631 3621 833 3700 significatus
853 3626 889 3685 et
910 3620 1175 3683 imminutionem
1197 3620 1242 3683 ab

99 3723 141 3766 aa
169 3712 335 3787 segreget.
380 3705 491 3779 Quare
505 3709 610 3771 solum
634 3708 785 3771 relietum
806 3714 858 3770 est
872 3707 1098 3789 praedicatum,
1121 3707 1155 3768 in
1176 3723 1245 3786 qno

96 3792 343 3855 constituendo
377 3793 534 3857 facillime
562 3794 774 3875 pleonasmus
795 3793 1003 3855 admittatur.
1060 3790 1102 3855 In
1125 3794 1247 3874 copule

94 3875 245 3958 quidem
265 3896 380 3942 vereor
400 3887 438 3945 ut
461 3881 547 3943 ullus
560 3878 699 3943 inveniri
721 3881 933 3963 pleonasmus
953 3884 1065 3959 queat.
1108 3874 1148 3940 ln
1169 3878 1246 3941 sols·

92 3964 210 4045 jecto,
225 3970 264 4029 nt
277 3964 361 4039 dixi,
375 3982 470 4029 sarua
483 3972 545 4029 eat.
589 3963 823 4047 Peasulgatum
833 3964 930 4038 illud,
950 3968 975 4028 ei
989 3965 1065 4046 ἀμφὶ
1078 3962 1242 4036 Πλάτωνα,

96 4066 170 4131 pro
185 4050 259 4113 solo
274 4048 413 4115 Platone
433 4051 569 4124 dictum,
585 4052 732 4117 cadentis
759 4056 812 4116 est
830 4054 963 4133 linguas,
987 4054 1148 4114 usitatum
1170 4047 1244 4113 Plu·

95 4134 230 4199 tareisa
255 4143 289 4199 et
315 4138 541 4211 consimilibus
566 4138 795 4222 scriptoribus,
826 4158 892 4202 non
916 4133 1174 4218 antiquioribus,
1205 4142 1244 4200 ut

96 4220 309 4301 Thucydidi,
332 4220 474 4297 Platoni,
500 4223 722 4308 Xenophonti,
748 4225 883 4298 nedum,
905 4222 1151 4307 quodquidam
1173 4221 1243 4305 opi-

98 4308 183 4372 nati
199 4314 290 4381 sont,
307 4306 466 4375 Homero.
509 4306 552 4374 Et
565 4312 641 4393 quia
656 4330 722 4375 non
736 4313 872 4385 sentiat,
899 4312 986 4374 hune
1005 4310 1242 4392 pleonasmnm,

60 4472 64 4488 ι
95 4412 213 4477 quem
227 4396 362 4475 quidum
377 4398 480 4461 etiam
497 4399 532 4459 in
547 4401 639 4479 parte
662 4396 837 4479 elegantia
852 4398 1050 4466 iebnenmt,
1070 4394 1166 4457 selda
1186 4396 1315 4473 ab200

94 4480 250 4545 surdum
272 4486 372 4547 esaei
413 4482 626 4547 commodam
655 4502 732 4548 vero
752 4486 999 4550 exeusationem
1024 4482 1055 4545 ia
1078 4481 1179 4545 hebet
1208 4483 1244 4545 in

90 4570 261 4649 subjecto
288 4571 513 4653 pleonasmus,
540 4589 610 4653 quo
675 4572 824 4635 onomini
860 4580 982 4655 prater
1016 4570 1246 4633 naoessitatsau

94 4656 244 4722 audiun
263 4658 370 4722 adsis:
393 4654 518 4734 'iota
649 4680 663 4721 s
687 4656 785 4723 auiis
808 4660 986 4739 eis-sexos
1014 4657 1105 4730 siam
1144 4652 1246 4721 letitie
