3117 5175
167 372 174 383 ’
284 400 329 467 ιο
600 399 841 467 rmoamm
860 398 1099 467 munorum.

283 580 323 640 ut
340 573 376 638 il.
388 570 442 639 43.
457 575 580 657 sepius
593 592 650 659 ap.
664 575 758 654 alios,
784 580 822 638 ut
847 574 999 658 Sophocl.
1019 570 1249 639 Philocteta
1273 569 1422 635 maxime

280 681 355 726 mm
370 664 558 742 negatione,
573 666 624 724 οὖν
635 658 714 735 εἶναι,
724 682 790 725 ooo
803 668 935 746 ruperat.
949 663 1018 725 sire
1039 668 1198 723 multtum
1207 679 1284 723 esse.
1308 656 1423 738 Atque

184 743 189 752 ⁸
281 750 385 812 etism
405 766 458 810 res
473 747 622 812 admittit
636 747 720 813 bano
745 749 1063 831 interpretationem,
1078 748 1159 827 quia
1175 746 1223 807 ibi
1245 745 1358 825 agitur
1372 743 1419 805 de

282 834 383 898 rebus
395 847 467 895 non*
487 834 585 914 longe
602 853 624 896 a
638 840 746 899 morte
767 833 948 899 Alexandri
972 830 1023 897 M.
1050 828 1263 915 gestis—De
1279 832 1420 915 ὑιήιχειν

284 916 352 984 εἶναι
365 918 432 983 vid.
445 918 507 984 aab
519 922 668 1005 ὑπάρχειν.

729 1050 977 1119 EOIKENAI.

327 1165 439 1251 Hujus
452 1170 545 1235 verbi
567 1170 721 1249 frequens
741 1172 795 1231 est
808 1167 1029 1251 pleonasmus,
1054 1169 1113 1232 ubi
1131 1168 1289 1248 junctum
1305 1170 1357 1229 ast
1369 1164 1420 1229 in·

284 1256 413 1321 linitivo
426 1258 513 1321 alius
534 1256 639 1329 verbi,
661 1254 720 1318 sed
744 1258 779 1317 et
793 1254 850 1317 ubi
869 1256 1057 1338 participio.
1099 1252 1186 1319 Nam
1203 1272 1349 1337 ¹prorsus
1369 1272 1419 1315 re·

348 1342 428 1407 adet
441 1351 483 1428 τῷ
494 1342 594 1415 δονεῖν,
616 1340 704 1421 quod
719 1339 794 1404 vide
809 1359 918 1423 supra.
963 1339 1117 1425 Sophocl.
1139 1337 1369 1404 Philocteta.
1388 1358 1417 1401 s.

278 1361 387 1493 &aa
439 1428 574 1492 ’ὤτοΐς
597 1429 759 1509 ἀφιγμένοις
781 1424 829 1490 ἴσα
852 1424 936 1501 ξένοις
956 1429 1131 1511 ἐποικτείρειν
1152 1452 1194 1489 σε.
1242 1424 1335 1489 Haud
1355 1426 1420 1487 du·

285 1514 342 1579 bie
363 1517 442 1579 intel
456 1513 601 1599 igirrult
626 1506 768 1585 Chorus,
792 1532 827 1575 se
852 1533 947 1593 aeque
970 1514 1092 1587 dolere,
1111 1532 1175 1577 uon
1201 1518 1417 1593 tanarmnpe-

286 1604 371 1667 ciem
384 1600 527 1665 dolentis
541 1600 674 1664 habere.
717 1594 870 1682 Xenoph.
885 1596 960 1679 Cyri
974 1598 1075 1677 Diso.
1089 1600 1157 1663 viii.
1184 1596 1219 1673 8,
1246 1598 1292 1661 14
1314 1600 1417 1659 istun

287 1695 385 1752 ταῦτα
407 1685 610 1761 διδασκομένοις
633 1693 696 1749 etc.
724 1743 726 1748 .
750 1682 787 1747 Si
812 1691 941 1753 tantum
962 1684 1145 1751 viderentur
1166 1682 1288 1759 doceri,
1311 1704 1420 1766 repre·

287 1774 406 1839 hensio
419 1792 506 1837 rana
520 1781 625 1837 esset:
649 1770 706 1834 sed
720 1789 792 1834 vere
803 1768 964 1835 docentur.
1009 1772 1063 1837 Sir
1079 1779 1113 1835 et
1127 1774 1162 1835 in
1177 1772 1321 1854 dialogis
1335 1790 1423 1853 sape

288 1860 469 1925 infinitivus
483 1859 576 1924 verbi
591 1856 815 1922 anteoedentis
831 1858 1062 1937 intelligendus
1075 1866 1137 1933 est,
1153 1859 1211 1922 ubi
1228 1858 1423 1941 simpliciter

287 1947 505 2031 respondetur
519 1948 587 2009 ἔοικε
602 1951 662 2009 aut
682 1947 734 2007 οὐκ
755 1943 836 2021 ἔοικε,
862 1944 984 2025 quibus
1008 1945 1115 2009 verbis
1140 1945 1268 2025 liquido
1294 1954 1330 2009 et
1353 1946 1424 2007 sine

288 2032 499 2183 pulpjtatione
511 2032 694 2097 affirmatur
707 2033 767 2092 aut
787 2038 950 2112 negatur,
974 2036 1014 2097 ut
1027 2029 1112 2097 Plat.
1134 2032 1201 2097 vol.
1216 2052 1251 2097 r.
1275 2052 1311 2115 p.
1328 2028 1381 2093 66.
1397 2050 1421 2093 a

304 2137 326 2183 n
382 2120 448 2184 cib.
462 2120 486 2183 i.

702 2250 1009 2321 ΕΠΕΡΧΕΣΘΑῙ.

332 2366 407 2435 Hoc
419 2366 555 2433 verbum
569 2387 658 2453 sape
681 2368 948 2453 impersonaliter
970 2364 1157 2447 adhibetur,
1179 2372 1219 2431 ut
1240 2366 1425 2449 intelligen-

288 2453 370 2519 dum
394 2456 438 2519 sit
463 2474 584 2519 nomen
608 2474 640 2518 ι.
664 2475 691 2519 c.
716 2458 876 2540 ἐπέρχεταί
896 2480 949 2529 μοι
968 2452 1053 2535 (scil.
1079 2454 1165 2519 ’ἔννοια
1190 2454 1243 2518 rel
1272 2450 1429 2536 ἐτιθομήι)

289 2546 496 2612 ωοιεῖνςτοῦτο.
540 2539 597 2603 Sic
618 2546 653 2606 et
678 2539 870 2626 ἐσέρχεσθαι,
892 2538 1084 2624 ὑπέρχεσθαι,
1108 2542 1225 2616 ἐπιέναι,
1250 2545 1284 2605 et
1308 2542 1427 2602 εἰσιέναι

289 2627 426 2692 Vertere
440 2629 524 2692 talia
545 2628 675 2691 solent:
698 2624 737 2690 οά
756 2637 893 2692 mentem
916 2625 1034 2691 venire.
1077 2627 1189 2692 Etiam
1209 2623 1316 2700 κήδοι,
1342 2627 1428 2712 ὀργή,

290 2714 420 2792 (addito
448 2713 596 2798 nomine)
621 2715 676 2775 εἰσέ
692 2711 805 2794 >gerhoi
830 2739 893 2776 τινα
917 2712 1048 2778 dicitur.
1104 2711 1180 2778 vid.
1210 2711 1354 2779 Vallren.
1385 2711 1428 2774 ad

289 2799 403 2884 Eirrip.
428 2799 546 2865 Pboeu.
570 2818 604 2884 p.
623 2739 700 2862 4641.
756 2796 947 2863 Hemsterh.
968 2800 1011 2864 ad
1032 2799 1169 2865 Luciani
1199 2798 1310 2865 Prom.
1339 2821 1368 2864 r.
1393 2795 1426 2862 2.

290 2885 440 2952 Dorville
453 2887 496 2950 ad
509 2884 609 2952 Char.
622 2904 654 2950 ι.
675 2883 724 2948 10.
769 2883 897 2950 Vocare
910 2893 1021 2950 autem
1043 2887 1173 2951 ridetur
1185 2888 1255 2950 tale
1276 2887 1428 2958 verbm

290 2974 350 3038 ubi
365 2972 653 3056 non'exprimitur
674 2972 836 3059 cogitatio
860 2991 881 3034 a
906 2971 1010 3034 libero
1032 2973 1136 3036 animi
1161 2973 1333 3057 proposito
1357 2991 1427 3036 ms

290 3067 400 3143 septa,
416 3060 473 3123 sed
485 3065 594 3123 motus
614 3055 855 3122 involuntarius
869 3061 1121 3140 strepentium,
1139 3065 1179 3122 ut
1199 3055 1429 3123 admirationis

292 3151 326 3208 et
348 3142 481 3210 amoni.
526 3143 621 3210 Plato
636 3141 738 3226 legg.
762 3143 834 3208 viii.
858 3143 920 3207 vol.
934 3143 1004 3208 viii.
1028 3164 1061 3228 p.
1087 3141 1164 3206 412.
1187 3143 1306 3212 εἰσήλὲιε
1325 3143 1355 3206 δέ
1376 3169 1428 3218 με,

291 3230 346 3294 aios
360 3230 444 3304 εἰκὸς,
456 3227 629 3311 φοβηθῆναι.
672 3225 798 3294 Ζοείιιι.
814 3229 851 3293 11.
866 3227 920 3293 36.
944 3225 1009 3293 Kai
1019 3231 1218 3313 μααολλοίκις
1232 3228 1345 3296 ἐπῆλθε
1356 3227 1429 3292 Βιν-

292 3317 397 3390 μιέσαι.
441 3313 485 3380 Et
499 3317 541 3378 iv.
556 3314 608 3379 40.
630 3313 701 3379 Τοῖς
725 3315 755 3380 δὲ
778 3317 932 3402 βαρβάροις
954 3317 1036 3402 ἐπῄει
1050 3329 1151 3400 γελᾷν.
1197 3313 1300 3381 Dicta
1314 3315 1424 3380 viden·

292 3405 350 3465 tur
363 3420 495 3485 prorsus
508 3403 622 3465 eodem
635 3422 732 3466 sensu
744 3402 822 3476 dici,
837 3421 904 3485 quo
918 3401 1023 3465 diosa:
1048 3401 1195 3484 spaeram
1216 3401 1260 3476 δὲ,
1273 3402 1329 3466 οῖον
1340 3401 1424 3474 sinis,

293 3492 330 3552 et
350 3489 492 3551 saharim
513 3485 678 3563 ἐθαύμασα.
731 3487 798 3553 sed
825 3489 991 3552 tamenin
1014 3489 1068 3576 his
1094 3490 1320 3570 similibusque
1344 3490 1424 3553 locis

294 3575 358 3638 boc
373 3575 549 3656 significari
572 3581 666 3657 puto,
687 3576 835 3639 animum
859 3575 920 3638 tali
946 3579 1038 3638 motu
1067 3579 1246 3648 tentatum,
1271 3575 1424 3658 deinosps

294 3660 483 3726 adhibuisse
495 3662 743 3743 cogitationem,
756 3669 790 3725 et
799 3661 840 3725 de
854 3660 962 3724 causis
975 3661 1117 3742 timoris,
1127 3661 1360 3726 admirationis
1370 3671 1427 3724 sut

294 3746 382 3810 alius
396 3747 581 3812 affectionis
596 3749 798 3829 quaesivisse.
819 3745 875 3810 Sic
889 3747 926 3810 in
938 3743 1101 3812 Latmia
1127 3745 1253 3812 narni.
1276 3745 1426 3812 &terum

295 3851 428 3898 monere
454 3834 564 3912 liceat,
590 3836 692 3897 ἐπιέναι
721 3840 755 3897 et
784 3829 961 3916 ἐπέρχεσθαι
982 3853 1058 3898 oum
1082 3834 1152 3898 dat.
1177 3853 1327 3920 personae
1350 3853 1425 3898 ooa-

294 3920 392 3995 atrui,
407 3924 517 3986 cetera
528 3921 710 4007 promiscue
723 3938 800 3984 cum
809 3914 875 3984 dat.
887 3925 922 3985 et
936 3921 1136 3986 accusativo.

680 4037 1044 4107 ΕΠΙΒΑΛΛΕΣΘΑΙ.

339 4149 479 4239 Proprie
506 4155 569 4220 boe
596 4158 648 4219 est
671 4175 704 4218 se
726 4152 785 4237 (od
808 4153 889 4237 rem)
904 4151 1078 4240 applicare,
1100 4155 1169 4220 sire
1191 4151 1344 4242 incipere,
1370 4176 1426 4242 og·

293 4237 398 4324 gredi.
442 4239 528 4305 Plat.
544 4243 580 4304 in
593 4238 760 4323 Sophiste,
775 4241 839 4304 rol.
855 4241 906 4303 iii.
921 4259 955 4324 p.
976 4239 1051 4305 297.
1073 4239 1260 4326 ἐφοβήθημεν
1280 4239 1358 4328 ἄρτι,
1381 4243 1425 4314 μή

294 4329 480 4390 ammaon
502 4327 636 4394 ἀνήνυτον
652 4326 731 4409 ’ἔργον
758 4325 1008 4402 ἐνιιβαλλοήμεθα,
1040 4330 1193 4413 ζητοῦντες
1219 4329 1303 4390 adri.
1362 4327 1426 4392 Sei

293 4429 373 4474 eum
392 4412 455 4476 inf.
469 4414 555 4476 alius
568 4411 660 4476 verbi
673 4417 897 4477 oonstructum
915 4431 1049 4497 prorsus
1069 4413 1206 4478 eandem
1226 4416 1294 4478 rim
1317 4415 1426 4494 babet,

294 4512 396 4576 quam
407 4495 551 4584 ἄρχεσθαι
566 4495 601 4560 S.
620 4497 650 4562 l.
665 4495 802 4562 Lucian.
818 4497 999 4584 Philopatr.
1015 4499 1042 4584 ξ.
1063 4497 1113 4563 16.
1158 4497 1247 4582 Oiml
1260 4503 1273 4562 ὁ
1287 4499 1424 4584 Ζεὺςιῇ

296 4579 432 4668 Αἰγίσθῳ
451 4583 569 4669 riphaei,
590 4587 628 4650 ris
646 4583 838 4673 ἀποσχομένῳ
849 4587 903 4663 μὲν
919 4591 973 4656 τήν
982 4587 1120 4670 μοιχείας
1127 4585 1182 4650 ’καὶ
1200 4591 1255 4656 o'is
1266 4585 1421 4666 Ἀγαμέμ-
