3117 5175
302 427 386 495 xxxii
559 421 780 489 emmo
801 418 994 483 ltulroms
1012 418 1231 485 murram.
1306 433 1308 439 ’

304 615 502 677 moneretur.
544 604 585 672 ln
608 609 682 691 ipso
695 606 869 671 verborum
888 608 1043 673 oontextu
1059 602 1203 670 Bosiano
1225 604 1418 689 pauentum

304 700 442 764 suerunt
455 698 642 762 immutata.

795 827 824 911 t·
847 822 938 891 mn.

353 962 433 1026 Post
455 962 539 1024 hanc
551 956 768 1042 posteriorem
783 954 964 1019 editionem
978 948 1289 1031 Schoettgenianam
1304 946 1425 1033 Ellipsl·

307 1048 371 1112 bus
385 1044 477 1110 Bosii
490 1044 627 1109 ulterius
641 1041 881 1125 locupletandis
904 1058 1037 1103 manum
1061 1038 1206 1102 admovit
1231 1032 1284 1098 M:
1293 1032 1426 1101 loannes

306 1131 493 1197 Friderious
519 1128 707 1201 leisnerus,
743 1128 801 1209 qui
831 1129 982 1209 quintam
1011 1124 1189 1189 editionem
1220 1122 1317 1203 hujus
1343 1122 1425 1197 libri,

305 1220 480 1304 praemissa
490 1216 619 1301 prolixa
643 1214 853 1296 prefatione,
875 1212 1071 1283 adornavlt;
1093 1210 1190 1295 eique
1212 1208 1295 1272 adeo
1309 1209 1426 1290 largam

306 1307 596 1370 observationum‘
609 1320 749 1365 messem
764 1298 903 1389 addidit,
914 1306 952 1363 ut
960 1298 1086 1379 majore
1098 1296 1220 1367 torma,
1229 1296 1428 1377 plagulsrdm

292 1392 433 1476 ,seilicet
456 1392 490 1456 in
515 1395 591 1455 ueto
611 1387 695 1451 folia
717 1386 1001 1470 oomplieatarum,
1024 1382 1137 1449 recudi
1160 1381 1282 1447 librum
1304 1400 1428 1447 morare

302 1480 416 1543 luerit.

809 1595 838 1680 ᾗ.
861 1591 920 1658 ΙΧ.

348 1746 416 1810 Sed
440 1746 641 1810 accessiones
666 1747 738 1809 istae
762 1742 849 1807 Clar.
877 1740 1035 1815 leirneri,
1068 1760 1141 1827 quae
1165 1742 1308 1805 maxime
1332 1742 1432 1807 inem·

270 1852 280 1881 ⁴
305 1834 401 1897 viunt
427 1832 640 1896 illustrationi
666 1833 863 1914 scriptorum
885 1828 1111 1912 profanorum,
1134 1825 1255 1909 megna
1280 1833 1433 1909 exparte

307 1936 374 1984 non
396 1913 485 2003 apti's
510 1919 592 1982 loeis
614 1918 722 1981 textui
739 1914 883 2003 Bosiano
909 1916 1061 1986 inseram
1085 1914 1311 1995 Schoettgenii
1336 1914 1432 1978 etiarn

306 2007 476 2071 notamina
500 2023 562 2087 per
583 2002 806 2068 incommodas
829 2003 954 2086 passim
985 2002 1253 2084 interpositiones
1280 2000 1435 2065 dismas

306 2098 386 2156 sunt
399 2087 539 2155 ‘illamm
565 2090 843 2166 observationum,
865 2106 947 2173 quas
968 2106 1070 2150 novus
1086 2084 1200 2149 Fditor
1224 2084 1366 2166 margini
1380 2086 1435 2151 ad·

306 2181 463 2259 scriptas,
485 2176 630 2239 nondum
645 2182 757 2240 autern
771 2176 806 2238 in
822 2176 966 2238 ordinem
978 2173 1140 2245 redactas,
1153 2173 1358 2255 typographo
1370 2178 1435 2237 tra-

306 2264 444 2327 diderat.
488 2260 604 2345 ltaque
615 2262 735 2341 quinta
748 2269 783 2324 et
801 2268 893 2323 sexta
917 2259 1030 2331 editio,
1051 2263 1272 2342 praeterquam
1286 2258 1371 2337 quod
1384 2260 1436 2321 in-

305 2353 392 2431 tegri
407 2367 517 2413 versus
532 2367 588 2411 seu
615 2349 710 2411 lineoe
725 2344 930 2411 ioBosianis
952 2349 985 2409 et
999 2343 1285 2425 Schoettgenianis
1302 2344 1362 2408 hie
1386 2345 1437 2409 ibi

308 2435 547 2507 desiderentur,
569 2435 680 2497 minus
712 2434 919 2498 eommodum
946 2432 1045 2497 habet
1067 2431 1241 2495 titulorum
1269 2437 1303 2496 et
1329 2448 1438 2497 aecas-

307 2522 436 2588 sionum
448 2521 608 2588 ordinem.
841 2543 844 2556 ·

811 2646 841 2729 s·
866 2641 907 2736 a

349 2781 484 2848 Senam
497 2783 677 2848 editionem
689 2802 711 2846 a
721 2781 780 2846 lei
784 2803 879 2846 snero
894 2787 1041 2847 curatam
1052 2782 1279 2848 commendant
1287 2784 1444 2852 observa·

306 2871 428 2944 tiones,
449 2865 549 2952 quas‘
569 2890 644 2934 oum
666 2870 742 2951 ipso
768 2865 819 2931 M.
836 2865 985 2934 loannes
1010 2867 1173 2950 Georgius
1188 2867 1317 2934 Samuel
1339 2867 1446 2936 Bern-

309 2956 443 3020 holdius
453 2956 762 3021 communicaverat.
808 2949 994 3018 Dolendunr
1018 2962 1129 3019 tamen
1149 2959 1231 3033 erat,
1254 2957 1449 3039 sphrdrnata

309 3043 398 3106 haud
411 3060 518 3126 panca
540 3043 575 3104 in
596 3042 680 3106 hane
693 3042 865 3126 irrepsisse
888 3047 1014 3106 sextam
1038 3042 1224 3116 editionem,
1246 3043 1334 3128 typis
1354 3045 1448 3109 alias

306 3128 423 3192 nitidis
439 3127 647 3212 exscriptam.

813 3255 844 3338 ς.
865 3251 924 3318 Xl.

348 3391 496 3456 Tandem
510 3391 699 3476 nuperrime
717 3394 759 3456 de
780 3391 991 3475 locupletiore
1005 3398 1039 3458 et
1050 3391 1289 3474 quodammodo
1302 3391 1450 3458 meliore

309 3478 408 3559 hujus
437 3479 514 3543 libri
542 3479 688 3544 editione
712 3479 873 3561 cogitavit
894 3478 945 3543 vir
971 3479 1181 3543 doctissimus
1205 3477 1253 3542 Μ.
1278 3477 1452 3544 Nicolaus

306 3563 540 3639 Schwebelius,
563 3568 621 3651 qui
646 3585 734 3630 anno
758 3585 956 3629 unoonxrn.
981 3566 1014 3629 in
1038 3565 1159 3639 forma,
1180 3584 1278 3646 quana
1302 3571 1453 3642 rodant,

308 3656 437 3723 octava,
460 3670 563 3733 eaque
594 3653 730 3732 majore,
751 3651 890 3716 eundem
920 3651 1005 3733 typis
1033 3656 1067 3715 et
1094 3652 1254 3716 sumtibus
1279 3651 1457 3718 heredum

308 3733 491 3801 Felseekeri
517 3737 745 3820 Norimbergae
782 3739 816 3800 in
849 3737 954 3800 lucem
982 3737 1148 3820 publicam
1176 3738 1306 3820 prodire
1324 3739 1457 3820 jussit.

309 3821 528 3887 Schwabelius
551 3825 668 3890 titulos
689 3843 814 3897 omnes,
837 3825 937 3887 etiam
961 3825 1004 3886 ab
1027 3823 1104 3886 aliis
1128 3823 1285 3906 adjectos,
1307 3825 1343 3888 in
1372 3843 1459 3890 me-

309 3909 427 3972 liorem
443 3910 591 3974 ordinem
605 3912 746 3993 redegit,
767 3918 802 3975 et
816 3929 917 3974 noros
940 3927 1004 3973 non
1018 3929 1140 3992 paucos
1154 3911 1196 3974 de
1210 3929 1270 3974 suo
1283 3912 1460 3986 inseruit,

191 4064 199 4080 „
313 4002 425 4058 errata
437 3997 539 4060 etiam
564 3998 681 4072 multa,
703 3999 739 4062 in
762 4017 836 4078 quse
851 3995 977 4075 incidit,
998 3997 1313 4061 sustulitetindioes
1326 4005 1462 4062 emen-

313 4083 423 4146 darit:
446 4083 575 4165 reliqua
589 4103 667 4149 vero
692 4085 929 4155 additamenta,
951 4083 1059 4146 nullos
1073 4083 1187 4146 titulos
1202 4101 1304 4147 novos
1316 4101 1392 4166 prae
1411 4103 1465 4149 se

313 4167 470 4244 ferentia,
493 4175 595 4254 prout
617 4169 782 4253 jacebant,
805 4169 938 4252 reliquit
961 4187 1045 4252 pene
1074 4168 1219 4242 intaeta3
1242 4171 1381 4233 lacunas
1412 4171 1465 4236 in

312 4357 397 4416 antem
407 4365 446 4416 ibi
455 4365 537 4427 uncis,
552 4366 598 4416 nbi
607 4366 767 4418 adnotatione
777 4365 948 4432 &hoengenii
960 4367 1070 4433 subjecta
1080 4375 1173 4428 carent,
1185 4367 1306 4430 inclusam
1322 4383 1412 4432 quare
1425 4369 1469 4422 in

301 4432 551 4496 praeostensione
570 4434 677 4496 singulis
693 4433 746 4482 illis
761 4433 828 4482 locis
844 4433 966 4484 restitutis
984 4447 1032 4482 non
1051 4433 1134 4482 solnm
1151 4447 1230 4482 uncos
1245 4443 1407 4486 memoratos
1418 4449 1469 4488 ει

305 4495 1175 4624 1²‘restitissetrttirsdaaur:iultu
1186 4499 1348 4566 ‘'mmm''
1422 4559 1428 4570 ·

337 4620 352 4694 f
362 4625 416 4676 Har
425 4625 588 4680 dirtinximur
595 4627 735 4697 scriptione
744 4627 933 4698 compendiaria
946 4598 1145 4682 surriserit.
