3117 5175
374 389 382 400 .
436 405 441 411 ,
468 335 515 402 ru
535 329 689 402 asama
709 315 881 403 ulidus.
1191 333 1248 412 lm
1318 291 1326 309 ⁶

124 505 338 603 annualeger
355 509 599 590 grammaticas,
622 515 659 574 ut
686 507 719 573 ln
742 507 815 586 hoc,
837 507 891 572 dec
910 506 1030 582 nurus,
1051 513 1254 594 quodquam

123 593 318 658 femininum
332 602 404 658 esse
417 591 562 670 deberet,
588 595 807 660 masculinum
821 600 883 668 est,
897 597 1055 678 quoniam
1065 603 1181 663 caetera
1194 594 1254 674 huss

118 677 263 760 jusmodi
275 677 432 764 adverbia
447 701 466 745 e
481 681 672 749 masculinis
688 681 875 746 nominibus
890 686 964 745 orta
978 694 1067 748 suut.
1128 721 1132 734 ·

162 763 229 836 Sed
252 767 335 831 satis
355 768 426 849 jam
443 767 574 834 uidetur
587 767 710 832 dictum
732 787 803 831 esse
828 759 870 829 de
894 766 1056 845 fontibus,
1078 775 1252 854 exquibus

119 847 212 915 ialam
225 852 394 916 nominum
420 852 551 937 ellipses
566 859 817 937 promanarunt.
862 848 947 920 illud
973 873 1078 918 unum
1097 857 1270 939 adjicien·'

119 935 198 1000 dum
222 937 315 1011 duxi,
337 937 424 1018 quod
438 939 495 1004 vix
509 945 561 1004 est
575 938 743 1013 credibile,
770 939 936 1003 interdum
951 939 1052 1004 etiam
1066 943 1253 1024 hujusmodi

117 1021 261 1106 ellipses,
274 1041 347 1104 quse
363 1042 443 1088 sano
458 1026 584 1089 homini
601 1025 791 1088 inurentem
805 1027 918 1089 venire
932 1033 1110 1106 nequeant,
1134 1049 1155 1094 a
1179 1029 1261 1096 docl

118 1107 257 1172 tissimis
272 1110 352 1174 uiris
373 1111 580 1192 excogitatas
595 1129 676 1174 esse.
720 1107 881 1196 Exemplo
901 1113 946 1176 sit
969 1110 1128 1178 anclrii
1153 1117 1256 1182 aduo-

117 1194 202 1258 tatio
216 1195 258 1258 ad
273 1191 441 1278 Euripidis
457 1193 619 1261 Pboeniss.
633 1215 662 1258 ν.
686 1195 759 1260 333.
783 1215 884 1278 quam
907 1196 1104 1264 Schaeferus
1125 1219 1162 1285 p.
1177 1203 1256 1269 324.

116 1280 240 1344 attulit.
287 1277 397 1346 Verba
420 1289 526 1366 poete
548 1284 618 1348 haec
641 1289 734 1346 sunt:
759 1279 823 1344 lber
848 1285 920 1358 ἐμάν
935 1310 966 1345 τε
981 1288 1144 1370 λευκόχροα
1167 1293 1255 1373 κείρο-

114 1389 169 1437 μαι
194 1365 380 1453 δακρυόεσσαν
404 1369 475 1431 ἱεῖσα
498 1366 630 1453 πενθήρη
654 1369 755 1442 κόμαν.
800 1365 869 1432 Ubi
896 1366 1095 1446 Brundisina,
1118 1378 1254 1456 pronior
1264 1377 1324 1443 128

115 1449 171 1514 ille
187 1452 271 1516 alias
286 1453 328 1517 ad
342 1454 584 1518 emendandum
610 1454 794 1518 inauditam
810 1474 918 1539 neque
940 1457 1007 1519 ullo
1025 1464 1125 1542 pacto
1147 1461 1254 1526 feren-

114 1533 194 1599 dam
225 1538 485 1604 comminiscitur
509 1541 640 1623 ellipsin
666 1541 811 1604 nominis
839 1541 929 1622 puri.
981 1539 1048 1616 Qui
1071 1547 1255 1614 rectissime

115 1621 213 1696 vidit,
247 1625 355 1688 locum
385 1621 572 1710 corruptum
603 1645 684 1703 esse,
710 1623 889 1702 Porsonus,
924 1629 1102 1710 reperisset
1136 1635 1254 1711 etiam,

114 1707 204 1787 quod
218 1717 336 1797 sponte
350 1731 387 1774 se
400 1712 510 1788 offert,
525 1712 731 1776 lenissimum
748 1713 942 1785 remedium,
956 1715 1034 1788 nisi,
1050 1717 1139 1796 quod
1152 1723 1254 1787 toties

112 1793 272 1860 accidisse
299 1797 457 1871 dolemus,
488 1799 704 1881 antistropha
733 1817 808 1861 eum
834 1799 1022 1865 latuissent.
1061 1800 1255 1886 ⁴Scripserat

112 1875 306 1964 Euripides:
325 1880 424 1948 Ὅθεν
439 1886 512 1960 ἐμάν
525 1910 558 1951 τε
573 1885 736 1968 λευκόχροα
752 1887 894 1969 κείρομαι,
911 1884 1090 1970 Δακροόεοο’
1107 1888 1254 1955 ἷοὶνἹεῖοα

20 2019 21 2026 ,
113 1962 255 2050 πενθήρη,
278 1970 381 2044 νόμον.

332 2095 334 2100 ’
457 2101 498 2169 V.
522 2102 574 2170 De
587 2101 709 2191 Ellipri
729 2100 912 2176 Verborum.

20 2199 22 2206 '
157 2215 210 2281 Ab
237 2219 408 2284 nominum
431 2218 540 2301 ellipsi
568 2218 611 2282 ad
635 2216 768 2300 ellipsin
796 2215 968 2280 verborum
995 2219 1194 2295 accedimus,
1215 2225 1252 2288 in

20 2301 22 2324 ²
110 2319 324 2386 quageuere‚
350 2314 501 2386 utsupra
527 2300 795 2384 significavimus,
820 2302 924 2365 multo
945 2305 1053 2368 rarius
1078 2314 1252 2388 peccatum

20 2407 22 2412 ’
111 2393 178 2452 est.
224 2388 288 2454 Sed
302 2397 405 2474 quum
421 2390 474 2454 hic
487 2408 616 2470 quoquae
632 2407 697 2452 non
711 2407 799 2451 unus
810 2390 1039 2454 errorumions
1055 2396 1251 2475 reperiatur,

111 2473 297 2550 videamus,
312 2493 386 2558 quae
400 2477 434 2538 iu
451 2476 512 2540 boo
526 2493 644 2556 genere
658 2475 836 2558 potissima
849 2480 937 2538 sunt.

20 2626 21 2629 ,
153 2559 203 2626 Αο
217 2561 325 2646 primo
339 2580 427 2645 sape
441 2562 504 2626 viri
519 2562 605 2626 docti
632 2579 710 2634 non,
732 2559 783 2623 uti
807 2559 956 2631 decebat,
980 2559 1068 2624 illius
1089 2565 1182 2627 verbi
1204 2567 1250 2629 el-

20 2654 21 2661 ’
110 2644 214 2729 lipsin
229 2648 461 2725 adnumerant,
481 2648 571 2729 qaod
597 2644 757 2710 antealia
781 2644 921 2725 simplex
943 2652 1043 2720 esset,
1065 2648 1121 2711 sed
1143 2666 1250 2714 remo·

20 2728 25 2767 ·²
108 2732 178 2797 tius
198 2734 353 2815 quiddam
375 2738 409 2795 et
432 2730 627 2813 exquisitius
649 2729 827 2795 commenti
849 2735 940 2802 sunt,
963 2732 1050 2810 quod
1070 2733 1114 2795 ob
1136 2734 1172 2797 id
1198 2738 1250 2821 ip-

22 2826 23 2831 ’
108 2836 198 2890 sum,
220 2820 301 2901 quia
321 2818 423 2882 nimis
436 2818 607 2899 singulare
620 2822 683 2889 eet,
705 2812 749 2878 ab
764 2815 919 2897 ellipseos
940 2821 1063 2881 natura
1083 2819 1249 2887 abhorret.

20 2908 21 2945 ³
108 2900 280 2985 Eiusmodi
293 2922 437 2967 errorem
453 2902 583 2968 notauit
597 2902 795 2966 Schaeierus
816 2920 852 2985 p.
863 2899 941 2964 371.
965 2901 1001 2965 in
1014 2904 1126 2969 serbis
1140 2908 1171 2969 τί
1185 2909 1252 2981 iuri

107 2996 198 3053 τοῦτο
225 2989 472 3071 intelligendum
492 3007 562 3052 esse
585 2988 645 3051 ἐστὶ
674 3005 823 3051 monens.
864 2985 967 3050 Aliud
990 2992 1176 3073 exemplum
1197 3004 1249 3057 est

20 3116 24 3123 κ-
106 3093 140 3157 p.
156 3073 232 3140 363.
255 3075 310 3139 ubi
334 3094 395 3138 cur
419 3074 463 3139 ad
487 3074 569 3149 lnce,
592 3077 630 3137 ὣς
654 3080 799 3155 struxere,
820 3072 866 3134 in
886 3076 937 3136 oria
960 3072 1105 3154 ἐλήφθην,
1128 3078 1247 3157 aliquis

20 3172 24 3229 ἲ
106 3157 331 3241 ἀπηλλάχθη,
365 3178 462 3241 quam
488 3165 598 3235 ἐγένετο
625 3160 765 3241 intelligi
797 3157 903 3231 malit,
931 3158 1015 3221 nihil
1038 3178 1164 3225 cauma
1185 3171 1245 3228 est.

20 3263 21 3299 1
106 3242 198 3311 Nam
218 3246 306 3327 quod
330 3246 526 3317 Schaeierus
548 3246 590 3311 ad
614 3264 688 3309 eum
701 3243 809 3309 locum
831 3241 970 3326 judicat,
995 3245 1032 3309 in
1055 3246 1318 3329 hujusmodi129

21 3378 23 3386 .
107 3330 407 3397 exclamationibus
433 3332 518 3398 nihll
542 3331 806 3396 subaudiendum
829 3341 914 3403 esse,
938 3330 974 3393 id
988 3349 1101 3408 vereor
1114 3342 1153 3397 ut
1177 3337 1247 3399 cui-

20 3472 26 3501 „
108 3434 214 3499 quarn
233 3419 432 3503 probaturus
445 3420 502 3491 sit,
524 3416 789 3499 quandoquidem
804 3415 932 3479 nullum
953 3416 1158 3502 adverbium,
1180 3423 1246 3488 nisi

109 3505 248 3568 verbum
264 3505 412 3577 accedat,
433 3523 493 3589 per
509 3524 543 3567 se
568 3504 710 3585 aliquem
736 3520 866 3565 senarum
886 3503 1022 3586 prabet.
1067 3500 1174 3570 Immo
1188 3510 1247 3573 uix

20 3610 25 3653 ε
105 3586 176 3653 ulla
190 3591 274 3655 mibi
291 3590 424 3655 videtur·
434 3590 643 3655 manifestior
657 3608 728 3653 esse
742 3588 881 3671 ellipsis.

20 3703 22 3711 ¹
149 3674 237 3741 Aliae
263 3676 435 3744 verborum
462 3678 596 3761 ellipses
618 3677 812 3756 excogitatae
838 3673 988 3745 luerunt,
1018 3674 1075 3737 ubi
1102 3674 1176 3738 duaa
1196 3678 1245 3740 lo·

20 3791 24 3824 r
106 3762 285 3843 quationes
305 3762 448 3826 confusae
470 3768 561 3836 sunt,
592 3763 656 3835 vel,
678 3760 765 3843 quod
796 3760 1033 3843 propemodum
1062 3761 1152 3825 idem
1182 3770 1245 3834 est,

25 3878 27 3883 ·
106 3846 165 3910 ubi
191 3848 321 3931 aliquid
346 3850 388 3911 ad
413 3848 458 3922 id,
480 3849 568 3931 quod
592 3852 701 3913 mente
724 3846 902 3927 cogitatur,
927 3864 992 3909 non
1017 3846 1130 3919 adid,
1157 3851 1245 3928 quud

20 3962 24 4003 ς
109 3932 214 3997 rerba
234 3952 349 4019 perse
374 3934 574 4015 significant,
597 3934 749 3998 refertur.
794 3929 986 4013 Cujusmodi
1011 3939 1076 4005 est,
1097 3934 1185 4014 quod
1209 3952 1242 4017 p.

22 4055 25 4066 v
108 4014 185 4081 380.
208 4016 496 4085 oommemdraium
513 4028 584 4086 est:
606 4018 689 4095 Ἐγὼ
714 4020 767 4093 μὲν
788 4014 833 4079 οὖν
857 4019 886 4080 ἐς
910 4018 944 4080 τὸ
967 4022 1116 4091 βαλανεῖον
1139 4022 1249 4090 Boiam

20 4142 24 4165 ,-
107 4128 177 4177 μαι,
197 4106 286 4187 quod
306 4124 367 4171 nos
394 4126 526 4191 prorsus
547 4106 661 4171 eodem
686 4105 783 4169 modo
814 4102 966 4181 dicimus,
997 4103 1083 4167 nibil
1111 4106 1243 4186 suppri-

20 4234 22 4265 ,
106 4194 245 4255 mentes.
288 4190 514 4277 Commutatio
528 4195 617 4257 enim
645 4193 823 4257 verborum
845 4197 910 4264 est,
930 4208 1033 4273 quum
1056 4185 1137 4250 uelle
1161 4190 1244 4253 dici-

24 4344 26 4349 ,
107 4291 183 4339 mus
208 4294 268 4359 pro
297 4276 436 4344 tendere.
492 4277 611 4361 Neque
634 4279 724 4343 enim
750 4275 932 4360 quidquam
954 4276 1112 4338 omissum
1135 4278 1243 4339 estin
1270 4320 1274 4333 .

21 4430 26 4441 p
109 4358 184 4435 hoc,
206 4366 304 4437 ἱέμενοι
318 4366 488 4441 walemiris.
534 4364 590 4430 Sic
611 4367 714 4431 etiam
728 4364 763 4427 in
787 4361 849 4427 hoc
869 4360 1030 4425 Homeri:
1050 4357 1193 4441 Ἡνίοχος
1213 4361 1242 4424 δ’

105 4444 419 4535 ἵμασεν-καλλίτριχας
440 4452 545 4517 ἵππους
559 4451 647 4519 Ninus
670 4450 716 4513 eol
730 4450 894 4533 γλαφυραῖς.
939 4444 1033 4510 Nihil
1047 4445 1177 4511 diversa
1190 4454 1243 4510 est

20 4613 23 4621 y
103 4532 193 4601 ratio
205 4532 383 4621 Sophoclei
405 4538 467 4605 loci
483 4541 520 4611 in
534 4537 706 4621 Antigona
725 4556 754 4605 ο.
775 4534 852 4601 857.
888 4528 1054 4616 ”Edessae
1076 4536 1244 4608 ἀλγεινοτά-

184 4668 189 4681 .
1001 4628 1022 4670 ὓ
1045 4648 1070 4695 u
