3117 5175
326 429 385 497 156
595 439 651 498 DE
674 431 832 496 sampsi
852 431 909 494 ΕΤ
926 423 1180 493 POEONASMO

249 617 258 678 ἓ
360 606 409 670 Ae
422 608 567 690 primum
577 623 665 689 steps
675 605 808 688 ellipsin
821 602 969 668 videmus
980 601 1023 663 ad
1034 595 1195 663 auxilium
1206 595 1453 692 uocatamess's,

316 694 373 756 ubi
389 693 471 756 nihil
489 697 720 774 pennensem,
744 691 833 772 quod
853 687 1029 753 desiderari
1047 689 1171 768 posset.
1204 679 1245 744 ld
1256 696 1358 760 quum
1371 681 1451 744 alibi
1545 754 1546 773 χ

316 780 441 843 fautum
457 785 520 851 est,
535 787 606 858 turn
622 797 655 862 p.
676 775 746 841 167.
773 778 831 841 ubi
856 777 899 838 ad
920 779 1023 859 φρονεῖν
1046 772 1239 851 intelligunt
1252 771 1340 840 μέγα,
1362 767 1452 848 quod
1545 780 1546 839 l

313 867 389 945 jure
405 866 603 948 improbavit
628 865 838 938 Sahaelerus,
861 862 919 943 qui
941 862 1058 924 vellem
1080 859 1168 921 idem
1193 855 1328 919 fecisset
1349 871 1384 935 p.
1396 850 1449 916 86.

184 1031 188 1040 .
315 952 374 1013 ubi
391 958 443 1015 τοῦ
455 951 556 1025 μηνὸς,
571 955 625 1018 τῆς
636 953 756 1036 ἡμέρας,
777 959 811 1014 et
832 947 956 1014 similia
968 947 1017 1010 sie
1030 946 1095 1009 dici
1110 939 1388 1042 existimantium,
1413 946 1452 1004 ut

316 1038 439 1100 ἑκάστου
463 1040 641 1103 eliodorus
665 1039 824 1101 omissum
839 1033 1057 1109 sit,'aeeedit.
1102 1029 1149 1094 At
1173 1028 1285 1092 Grffl
1311 1027 1362 1090 hle
1382 1045 1451 1089 ⁰⁰11

316 1125 424 1203 magis
437 1124 619 1205 quidquam
636 1125 807 1195 omittunt,
821 1143 920 1204 quam
935 1121 994 1202 qul
1015 1137 1151 1202 morsus
1165 1114 1283 1178 eodem
1296 1112 1389 1176 mmo
1402 1113 1452 1176 lo-

212 1279 213 1286 ,
316 1211 448 1288 quimur
460 1209 699 1284 Germaniam
711 1212 769 1291 qui
784 1211 939 1274 similitor
945 1211 1037 1271 uerte
1050 1203 1179 1286 loquuti
1192 1205 1286 1273 sunt,
1299 1197 1449 1264 Romani.

315 1295 448 1376 Aliquis
460 1299 549 1362 enim
563 1298 697 1369 mensis,
721 1297 843 1379 aliquis
859 1297 931 1359 dies
943 1293 1088 1376 exempli
1103 1293 1211 1355 instar
1223 1294 1290 1362 est,
1312 1285 1358 1350 ad
1368 1287 1459 1367 quud

315 1384 424 1446 ueteri
441 1401 567 1450 menses
580 1401 621 1448 ao
634 1385 705 1450 dies
719 1391 961 1467 comparentur.
1022 1446 1024 1449 .

358 1468 468 1542 Alius,
498 1472 591 1550 isque
618 1471 779 1536 latissime
806 1476 923 1553 patens
947 1467 1034 1530 falso
1056 1465 1265 1528 inventarum
1284 1460 1452 1541 ellipaium
1545 1536 1547 1541 ¹

315 1554 392 1620 lons
409 1556 441 1619 in
455 1577 496 1620 ao
510 1560 637 1640 positus
657 1563 721 1630 eet,
747 1557 838 1639 quod
858 1573 947 1638 saepe
969 1564 1089 1616 nomen
1114 1549 1370 1617 substantivum,
1391 1546 1453 1610 sed
1545 1556 1547 1615 !

316 1640 457 1716 formam
472 1644 597 1708 habens
610 1643 778 1724 adjectivi,
799 1662 859 1727 pro
872 1641 1036 1724 adjectivo
1051 1636 1204 1702 habitum
1216 1641 1279 1697 est.
1323 1629 1376 1697 Ex
1386 1651 1453 1712 quo
1545 1628 1547 1737 ζ

316 1745 435 1808 genere
450 1731 571 1794 multos
591 1749 719 1794 errores
735 1731 806 1810 jam
821 1728 1018 1793 Sohaelerus
1033 1725 1170 1789 notavit.
1216 1717 1380 1804 Exempla
1397 1720 1454 1801 qui
1545 1744 1547 1823 p

316 1813 494 1888 desiderat,
520 1816 664 1888 abunde,
684 1816 775 1897 quod
789 1816 939 1886 miretur,
965 1813 1114 1877 inveniet
1126 1810 1162 1873 iu
1177 1810 1243 1881 his,
1261 1825 1342 1888 quae
1357 1805 1403 1868 de
1415 1807 1459 1869 el·
1545 1842 1547 1845 -

314 1898 392 1982 lipsi
409 1904 580 1968 nominum
594 1902 662 1985 ἀνὴρ
678 1909 713 1966 et
727 1899 875 1984 soem
888 1904 1045 1982 congesta
1058 1904 1149 1962 suut

342 1985 436 2058 ·N.on
451 1990 565 2052 rarius
582 1995 754 2072 moestum
781 1995 833 2052 est
855 1989 892 2052 in
906 2006 959 2060 eo,
981 1983 1069 2065 quod
1084 1990 1213 2047 eertum
1227 1998 1353 2044 nomen
1365 1979 1456 2044 intel·

314 2069 375 2152 ligi
389 2074 508 2141 debere
523 2075 631 2142 visum
645 2079 709 2147 est,
732 2075 790 2138 ubi
804 2080 864 2138 aut
878 2075 1050 2143 inuentum,
1070 2075 1131 2133 aut
1144 2070 1276 2134 nullum
1299 2073 1391 2130 met
1409 2068 1456 2128 in·

248 2159 544 2238 Intelligendum.
596 2158 761 2226 Incertum
783 2160 868 2238 dieo,
898 2165 938 2224 ut
959 2158 989 2221 τὶ
1013 2158 1065 2222 rel
1091 2163 1190 2229 τοῦτο,
1215 2175 1287 2236 quo
1316 2173 1361 2217 ne
1383 2155 1457 2236 ipso

316 2244 450 2322 quidem
465 2265 550 2327 opus
563 2253 614 2310 eet
628 2248 662 2314 in
678 2247 720 2310 iis
735 2247 828 2318 loeis,
850 2245 1022 2326 inquibus
1044 2243 1127 2326 quid
1149 2243 1370 2322 signidoetur,
1389 2245 1460 2302 sta-
1545 2296 1547 2301 .

315 2329 378 2392 tim
397 2331 566 2410 adiectum
588 2339 652 2405 est,
675 2338 714 2396 ut
738 2333 773 2400 in
798 2335 963 2416 exemplo,
984 2331 1073 2413 quud
1095 2347 1130 2412 p.
1145 2327 1198 2393 92
1222 2329 1366 2392 allatum
1384 2333 1455 2389 est:
1545 2394 1547 2409 Ι

316 2414 401 2500 εἰσῄει
422 2413 538 2490 αὐτοὺς,
561 2418 637 2482 ὅπως
661 2415 695 2480 dv
716 2419 765 2480 sai
781 2419 900 2499 ’ἔχοντές
919 2445 948 2480 τι
968 2415 1063 2480 οἴκαδε
1077 2418 1255 2496 ἀφίκωνται
1278 2414 1341 2478 ubi
1355 2413 1387 2476 si
1399 2413 1458 2476 ali·
1545 2412 1547 2427 '

315 2503 394 2580 quid
418 2503 577 2572 omissum
601 2509 665 2578 est,
688 2523 755 2570 non
772 2507 876 2578 ἔννοια,
899 2506 958 2569 sed
979 2511 1065 2570 τοῦω
1085 2502 1182 2566 debet
1205 2501 1377 2582 intelligi:
1402 2507 1455 2564 aut
1545 2570 1547 2590 Ι

248 2604 259 2661 ζ
276 2608 300 2669 '.
316 2588 353 2651 in
369 2585 541 2672 Sophoclis
556 2588 832 2656 electrudis.
855 2592 914 2676 ogi
925 2590 1014 2655 τῶνδέ
1024 2593 1069 2653 τοί
1081 2592 1116 2661 μ’
1128 2591 1206 2670 ἔχει,
1229 2585 1384 2665 Meam,
1400 2586 1457 2658 nsi·
1545 2601 1547 2658 l

316 2672 387 2737 ποθ’
401 2677 470 2751 ἡμῖν
494 2676 630 2753 Ἀψεγὲς
642 2682 738 2741 πελᾶν
753 2682 838 2763 τέρας
849 2675 920 2742 Τοῖς
933 2679 1015 2762 δρῶσι
1039 2676 1088 2741 καὶ
1112 2675 1269 2758 vulpior·
1287 2674 1456 2748 ubimini·

316 2778 381 2834 me,
396 2770 435 2825 ut
450 2763 637 2837 scholiastis
652 2766 771 2843 risum,
793 2764 877 2829 lasis
901 2766 952 2830 vel
966 2762 1300 2847 superintelligitur,
1320 2761 1382 2825 aad
1402 2766 1457 2823 aut

317 2856 404 2921 τοῦτο,
426 2850 506 2915 satis
527 2857 590 2926 est,
611 2857 683 2923 aut,
705 2851 918 2931 quodetiam
940 2852 1050 2916 verius
1069 2851 1208 2928 videmr,
1230 2850 1290 2921 iis,
1312 2868 1388 2930 quae
1410 2866 1456 2909 se·

317 2942 477 3012 (luuntur,
500 2938 604 3002 teneri
629 2937 771 3003 sedicit
795 2936 923 3001 chorus.
966 2934 1102 3002 Illarum
1116 2954 1195 2999 vero
1208 2936 1454 3015 loquutionum,
1545 2853 1547 3006 1

316 3019 353 3085 in
381 3022 502 3101 quibus
524 3024 733 3106 apertissime
749 3024 874 3088 nullum
888 3042 1014 3088 momen
1035 3024 1197 3088 omissum
1217 3029 1285 3096 est,
1311 3020 1454 3102 largissi-

316 3124 407 3171 mam
421 3110 551 3190 copiam
566 3111 653 3175 inter
666 3111 831 3191 ellipticas
846 3111 995 3174 videmus
1020 3112 1142 3173 relatus
1165 3128 1247 3181 esse,
1270 3108 1454 3191 praesertin

316 3196 374 3258 ubi
391 3212 510 3257 nomen
536 3196 667 3275 generis
693 3196 845 3261 neutrius
868 3196 1011 3277 intelligi
1026 3198 1152 3261 volunt.
1193 3192 1296 3258 Talia
1306 3193 1454 3277 quiden,

316 3280 429 3360 qualia
443 3288 519 3343 sunt
534 3285 548 3343 ὃ
568 3281 685 3354 linaro,
709 3284 732 3345 oi
756 3280 953 3361 monensi,
973 3286 1046 3347 sine
1060 3283 1128 3347 ulla
1140 3282 1250 3364 ellipsi
1263 3280 1362 3346 dieta
1375 3300 1454 3351 ὅθί.

316 3366 482 3429 neminem
507 3367 636 3439 latebit,
658 3368 715 3448 qui
742 3371 956 3452 reputaverit,
978 3371 1120 3435 altemm
1143 3369 1259 3432 horum
1282 3369 1454 3431 nominum

316 3452 378 3515 hoc
404 3452 573 3528 denotare,
595 3454 671 3517 ὅστις
693 3453 799 3519 δίκαιός
826 3458 911 3529 ἐστιν,
932 3458 1073 3521 altanum
1095 3460 1206 3520 autem
1225 3472 1290 3517 usu
1315 3456 1357 3517 in
1383 3454 1454 3519 mb-

315 3538 496 3603 atantirum
525 3544 675 3605 vertisse.
731 3539 857 3605 Eadem
886 3560 962 3606 vero
982 3544 1030 3605 in
1042 3542 1169 3606 neutris
1189 3541 1280 3605 ratio
1300 3546 1371 3614 est,
1391 3558 1455 3604 noa

314 3624 481 3699 omnibus,
499 3626 554 3689 sad
569 3627 746 3711 plerisque.
790 3624 909 3709 lnqua
932 3648 969 3692 re
993 3629 1132 3694 mbacto
1155 3627 1456 3711 opusestJudiaio.

305 3706 404 3775 Nam
426 3713 482 3776 ubi
505 3714 589 3777 nihil
613 3732 735 3777 causale
765 3722 825 3793 est,
856 3734 959 3795 quare
978 3721 1106 3780 eertum
1128 3730 1248 3779 nomen
1270 3714 1456 3795 intelligas,

314 3799 419 3868 satius
432 3806 482 3861 est
498 3799 682 3881 intelligere
696 3799 792 3871 nihil,
812 3809 851 3864 ut
873 3803 908 3864 in
924 3802 988 3865 hoc
1010 3803 1112 3865 πολλὰ
1134 3797 1336 3885 λοιδορεῖσθαι,
1356 3808 1457 3882 entes

246 3888 424 3963 118alusu:
456 3887 537 3965 quia
557 3887 593 3951 in
618 3886 670 3949 his
692 3905 759 3949 non
788 3888 900 3960 verba,
932 3888 990 3951 sed
1010 3889 1174 3965 universe,
1201 3888 1292 3967 quod
1312 3888 1457 3951 mrdturn

314 3979 373 4035 aut
397 3988 513 4054 parum
534 3979 597 4046 est,
628 3976 808 4055 spectatur,
830 3974 918 4037 unde
939 3975 1042 4038 atium
1066 3994 1126 4058 per
1150 3972 1351 4039 adverbium
1376 3974 1458 4037 talia

312 4060 454 4207 plmlerri
467 4064 619 4141 possunt,
646 4059 921 4139 quemadmodum
944 4058 1110 4125 Homerus
1126 4069 1305 4140 utrumque
1317 4061 1455 4141 junxit:
1534 4073 1540 4132 ε

348 4151 422 4229 αὔρα
442 4145 508 4217 μὲν,
531 4145 612 4207 ἀλλὰ
626 4148 714 4218 μάλα
729 4148 840 4220 λιγέως.
885 4145 951 4210 Sed
972 4161 1076 4230 quum
1096 4153 1223 4212 certum
1242 4146 1328 4227 quid
1348 4148 1457 4227 daig·

311 4232 383 4293 nari
398 4250 451 4294 ras
467 4234 541 4313 ipsa
557 4232 717 4314 postulat,
740 4250 782 4295 ne
804 4233 962 4313 fugienda
986 4234 1121 4317 quidem
1140 4235 1269 4317 ellipsis
1282 4238 1353 4297 est.
1394 4232 1456 4296 Ex-

311 4318 422 4400 emplo
437 4324 513 4387 utar
526 4319 621 4381 valde
643 4320 828 4400 perspicuo.
872 4314 923 4383 Τὰ
943 4318 1034 4396 δεξιὰ,
1056 4322 1097 4383 τὰ
1117 4320 1250 4405 ἀριστερὰ
1269 4338 1363 4403 saepa
1388 4322 1454 4383 sius

311 4402 418 4485 ellipsi
451 4404 616 4483 dicuntur,
650 4402 753 4483 quiem
786 4405 1001 4484 significatur,
1028 4407 1190 4489 quidquid
1218 4407 1374 4469 dextrum
1398 4416 1454 4469 ant

311 4486 483 4553 sinistrum
498 4497 561 4565 est,
584 4491 642 4554 sed
659 4491 693 4553 in
708 4510 742 4553 re
757 4492 894 4555 militari
922 4492 957 4555 τὸ
971 4490 1056 4568 δεξιὸν
1070 4501 1104 4557 et
1116 4493 1151 4555 τὸ
1165 4490 1306 4578 dumph
1321 4512 1400 4557 crim
1411 4494 1453 4553 al-

310 4572 386 4653 lipsi
400 4574 535 4650 diemo,
557 4578 645 4657 quod
663 4576 724 4641 baa
738 4578 772 4641 in
789 4597 826 4641 re
838 4580 922 4645 nihil
943 4580 1036 4647 aliud
1048 4598 1151 4661 quam
1164 4584 1248 4663 κέρας
1271 4579 1449 4658 signilinan'

310 4664 429 4745 potest.
473 4659 594 4727 Eodem
620 4662 718 4729 modo
741 4666 928 4753 masculini,
950 4672 985 4731 et
1010 4669 1153 4735 maxime
1174 4666 1331 4733 seminini
1356 4682 1453 4750 μὴ
