3117 5175
445 461 492 523 m
513 431 857 526 unnonamoua.
1171 450 1230 525 iss

97 632 144 692 ut
153 627 335 704 refutetur,
348 632 458 715 primo
472 632 648 699 videndum
662 641 724 709 est,
739 654 813 717 qua
827 630 1043 718 sit‘cujusque
1054 652 1149 700 casam
1166 635 1230 706 sis,

104 713 148 780 ob
159 733 262 795 quam
276 717 346 800 regi
370 737 393 782 a
415 721 700 804 praepositionibus
723 721 922 804 quibusdam
945 720 1092 792 dicatum
1112 721 1231 785 deinde

103 817 147 864 an
161 801 276 866 eadem
291 805 342 867 vis
355 805 402 868 sit
415 807 449 870 in
465 806 517 870 bis
531 807 623 880 locis,
638 808 810 890 inquibus
824 807 915 871 nulla
934 806 1067 887 adjecta
1085 813 1137 870 est
1148 826 1230 888 praa·

101 886 236 1036 ρρίιιιιο.
282 887 500 956 Hooenimsi
521 889 733 974 effecerimus,
746 899 867 978 sponte
879 893 1098 975 intelligetur,
1122 893 1229 977 ellipsi

100 991 134 1036 ιιι
161 993 171 1036 ι
199 993 378 1058 opuaease.
452 999 455 1008 ²
1175 992 1196 1035 ·'

462 1111 534 1178 VII.
556 1109 608 1178 De
634 1111 697 1180 Usa
712 1111 868 1180 Genitivi.
988 1155 992 1166 ·

142 1217 191 1285 Ac
205 1222 332 1305 primus
348 1224 658 1288 commemorabitur
672 1224 852 1306 genitivus,
866 1240 933 1304 quo
947 1223 983 1288 ιιι
1006 1243 1084 1288 casu
1109 1217 1231 1289 mir'um
1351 1296 1354 1305 .

97 1305 136 1368 ιιι
151 1306 284 1372 modum
298 1309 485 1376 luxuriatur
500 1311 615 1394 lingua
629 1310 830 1376 Graecorum.
875 1309 996 1384 Quare,
1018 1309 1238 1398 quodsciam,

96 1393 243 1458 nondum
257 1402 408 1478 repertus
420 1404 484 1469 est,
500 1395 557 1476 qui
573 1415 705 1462 omnem
729 1397 823 1462 illam
847 1397 1079 1479 loquutionum
1100 1395 1232 1478 copiam
1275 1392 1283 1401 '

96 1483 131 1542 et
147 1481 356 1554 varietatem,
374 1483 543 1564 inquibus
559 1483 613 1548 bie
635 1501 730 1548 casua
753 1483 955 1555 dominatur,
978 1483 1026 1546 sic
1038 1482 1231 1564 explicaret,

95 1569 136 1627 ut
165 1584 205 1629 ea
229 1567 406 1650 explicatio
433 1569 482 1632 vel
512 1569 744 1650 aliquomodo
769 1571 819 1633 rei
849 1568 1039 1634 satisfacere
1067 1567 1230 1632 videatur.

94 1647 183 1716 Illud
210 1652 345 1734 quidem
371 1655 439 1721 alio
459 1653 531 1718 loco
554 1656 599 1719 ab
623 1656 719 1720 nobis
743 1657 1006 1720 demonstratum
1020 1661 1083 1729 est,
1109 1655 1231 1736 geniti·

92 1754 176 1800 vum
201 1739 332 1822 proprie
353 1759 422 1806 rem
441 1740 601 1820 indicare,
627 1743 722 1823 cujus
743 1742 873 1825 aliquid
896 1741 1044 1807 accidens
1067 1742 1123 1805 sit.
1169 1738 1231 1804 La·
1242 1743 1301 1809 137

92 1821 225 1894 tissime
244 1831 357 1890 autem
381 1833 476 1912 patet
500 1827 676 1892 accidentis
702 1830 805 1907 notio,
827 1827 998 1893 mutabilis
1020 1827 1077 1891 illa
1098 1847 1160 1909 pro
1179 1847 1230 1891 ra-
1283 1859 1291 1866 ·

90 1908 201 1983 tione,
216 1928 282 1991 qua
297 1929 367 1976 rem
382 1914 578 1980 consideres.
623 1911 679 1978 Sic
694 1915 781 1978 lilius
800 1915 907 1996 patris
928 1919 962 1978 et
982 1921 1076 1996 peter
1090 1915 1162 1991 filii,
1184 1915 1231 1978 sic

90 1995 325 2063 amordicitur
350 2001 501 2083 alicujus,
526 1999 596 2064 sive
620 2017 733 2065 amare
747 2019 823 2076 eum
845 2002 915 2064 sive
936 2001 1042 2063 amari
1064 2000 1231 2083 intelliga-

90 2097 183 2144 mus.
229 2079 389 2172 Exempla
414 2087 562 2172 quaedam
592 2085 781 2169 hujusmodi
805 2086 880 2150 vide
905 2086 995 2168 apud
1017 2083 1232 2152 Schaeierum

87 2185 129 2249 p·
156 2163 233 2232 457.
286 2168 466 2242 Quodnisi
492 2179 616 2238 temere
634 2175 754 2240 ,omnia
775 2172 946 2242 miscuisse
968 2179 1003 2236 et
1016 2172 1229 2254 perturbasse

89 2253 233 2318 Graecos
262 2255 458 2331 statuimus,
476 2260 509 2322 in
537 2258 627 2322 orani
650 2278 711 2323 usu
742 2258 881 2340 genitivi
906 2258 956 2322 -acl
981 2260 1122 2340 primam
1137 2258 1231 2322 illam

88 2339 370 2422 significationem
384 2344 584 2410 redeundum
614 2345 690 2417 erit,
715 2343 970 2425 videndumque,
995 2343 1160 2422 quomodo
1175 2343 1230 2408 laic

85 2445 194 2492 casus
208 2425 250 2490 ad
264 2433 333 2491 tam
348 2428 494 2492 diversos
507 2435 640 2509 tamque
664 2429 845 2495 dissimiles
866 2449 919 2493 res
943 2429 1097 2494 adhiberi·
1115 2435 1229 2512 potue·

86 2513 149 2575 rit.
197 2509 236 2578 Ιιι
250 2532 318 2597 qua
331 2533 367 2580 re
389 2513 470 2578 illud
492 2520 604 2578 tamen
629 2514 713 2579 bene
736 2514 917 2578 tenendum
934 2520 997 2589 est,
1020 2515 1176 2597 pleraque
1196 2515 1230 2578 in

84 2598 285 2681 linguarum
300 2599 566 2667 conformatione
587 2602 727 2665 obscuro
740 2616 840 2661 sensu
864 2601 949 2679 regi,
971 2600 1066 2679 cujus
1088 2600 1117 2661 si
1133 2599 1231 2663 modo

85 2686 194 2751 initia
208 2693 390 2766 teneamus,
410 2688 576 2769 reliquum
590 2688 662 2767 ejus
676 2702 810 2750 cursum
824 2685 977 2763 persequi
992 2703 1058 2746 non
1079 2702 1153 2748 esse
1167 2685 1229 2747 dis-

84 2772 190 2837 licile.
245 2770 334 2837 Nam
356 2774 413 2853 qui
435 2772 535 2855 primi
562 2772 709 2848 aliquam
734 2768 902 2833 notionem
923 2768 992 2830 alio
1016 2767 1230 2844 deflexerunt,

84 2856 153 2923 hos
172 2860 207 2921 in
220 2877 261 2921 ea
274 2878 310 2921 re
324 2856 577 2938 aliquidjudicii
588 2853 779 2919 adhibuisse
794 2871 926 2917 necesse
939 2862 1006 2917 est:
1030 2854 1074 2917 ab
1090 2855 1142 2917 his
1155 2857 1230 2921 reli·
1250 2860 1254 2878 '

83 2943 151 3025 qui
168 2943 238 3007 ista
250 2962 342 3025 paene
357 2944 540 3007 nescientes
553 2960 721 3023 accepere,
734 2958 819 3020 quos
831 2958 898 3003 non
912 2940 1092 3021 mirumest
1099 2958 1141 3005 ea
1153 2941 1230 3007 dein

81 3028 199 3093 latius
213 3029 409 3107 extendisse,
430 3047 531 3113 quam
546 3029 687 3091 fortasse
700 3026 875 3099 debebant,
890 3025 1014 3111 quippe
1031 3045 1115 3091 uerae
1129 3028 1229 3095 ratio·

83 3116 145 3179 nia
162 3114 230 3179 sibi
246 3134 309 3178 non
323 3114 481 3179 conscios.

131 3196 247 3285 Igitur
262 3202 426 3285 genitivus
452 3218 553 3283 quum
569 3220 636 3265 rem
654 3188 788 3283 indicet,
813 3200 907 3281 cujus
927 3198 1018 3261 aliud
1039 3200 1121 3281 quid
1146 3200 1229 3291 aeci-

78 3288 173 3353 dens
191 3288 247 3360 sit,
274 3288 310 3353 id
323 3288 357 3351 in
371 3289 491 3370 paucis
504 3291 634 3350 tantum
658 3286 956 3369 praepositionibus,
982 3304 1055 3365 quae
1069 3304 1145 3350 cum
1169 3288 1230 3353 hoc

77 3392 167 3441 casu
184 3381 433 3449 construuntur,
454 3374 566 3457 paullo
591 3372 761 3438 obscurius
782 3378 856 3444 est;
879 3372 914 3434 in
938 3371 1106 3455 plerisque
1119 3374 1229 3456 primo
1297 3384 1305 3393 '

78 3462 265 3545 adspectu,
296 3480 355 3524 cur
389 3460 572 3542 genitivum
605 3459 670 3524 sibi
701 3458 898 3540 adjungant,
931 3464 1081 3540 apparet.
1140 3459 1229 3523 Nam

77 3566 197 3631 quum
220 3547 256 3609 ιιι
271 3547 335 3625 his,
359 3565 432 3627 qna
459 3566 568 3615 rerum
590 3546 772 3610 accidentia
795 3563 817 3607 a
830 3545 1037 3627 philosophis
1057 3551 1227 3618 vocantur,

77 3638 195 3699 etiam
210 3639 323 3716 partes
345 3634 503 3714 cujusque
524 3633 574 3695 rei
599 3636 825 3703 numerentur,
850 3629 920 3693 haec
937 3630 1043 3711 partis
1066 3630 1227 3711 significa-

77 3724 144 3795 tio,
163 3738 244 3803 quae
268 3738 360 3803 paene
383 3720 504 3799 ubique
527 3718 710 3801 genitivum
732 3718 920 3788 comitatur,
942 3715 977 3777 in
1004 3715 1121 3780 barum
1143 3727 1296 3801 pra-138

75 3804 297 3893 positionum
311 3806 550 3869 constructione
574 3802 847 3868 manifestissima
860 3810 922 3867 est.
968 3800 1025 3864 Sic
1038 3803 1108 3876 aab,
1130 3808 1225 3888 παρὰ,

74 3893 171 3979 πρὸς,
190 3891 261 3964 ὑπὸ,
277 3888 320 3966 ἐξ,
336 3890 467 3973 proprie
483 3890 517 3953 id
539 3890 740 3973 significant,
754 3890 842 3969 quod
867 3889 1053 3969 cujuspiam
1078 3891 1125 3952 rei
1148 3910 1225 3973 para

75 3986 150 4051 est,
165 3972 229 4041 'scd
244 3997 284 4041 ea
298 3978 388 4048 talis,
401 3996 476 4059 quae
489 3978 533 4041 ab
549 3977 611 4039 hac
624 3995 659 4039 re
683 3974 921 4058 proficiscatur,
937 3992 1043 4055 eoque
1062 3976 1104 4037 ab
1119 3993 1160 4037 ea
1174 3996 1224 4038 se-

73 4067 236 4151 paretur.
281 4060 410 4127 Deinde
425 4061 481 4135 διά,
498 4062 556 4139 ἐπὶ,
571 4062 662 4134 κατὰ,
677 4062 759 4146 ὑπὲρ,
772 4062 806 4123 id
828 4060 986 4136 indicant,
999 4062 1088 4139 quod
1108 4066 1158 4122 est
1172 4064 1223 4124 vel

73 4152 118 4217 fit
133 4149 176 4213 in
188 4147 302 4229 aliqua
316 4150 364 4213 rei
378 4148 563 4231 cujuspiam
571 4154 681 4231 parte:
707 4156 744 4210 ut
759 4146 824 4209 Διά
833 4148 887 4218 μὲν
899 4145 1015 4208 ἀσπίδος
1026 4144 1101 4211 ἦλθε
1110 4151 1224 4225 φαεινῆς

73 4236 208 4319 ’ὄβριμον
236 4236 335 4316 ἔγχος.
380 4232 496 4317 Neque
521 4235 586 4299 alia
608 4235 695 4297 ratio
719 4238 770 4295 est
794 4230 1163 4319 praepositionumdpql
1187 4240 1222 4295 et

71 4322 167 4407 aspi,
185 4334 325 4403 quarum
346 4321 451 4385 altera
477 4320 520 4397 id,
546 4321 632 4403 quod
653 4318 696 4383 ab
719 4327 859 4399 utraque
872 4330 978 4399 parte,
994 4317 1111 4390 altera,
1132 4320 1222 4399 quod
1259 4348 1263 4355 ·

69 4410 122 4475 ab
139 4408 241 4471 omni
255 4412 347 4489 parte
361 4414 424 4479 est,
453 4406 627 4487 significat.
671 4404 832 4469 Proxima
852 4404 905 4466 his
924 4407 1001 4465 sunt
1024 4401 1087 4463 ἀντὶ
1101 4410 1135 4465 et
1149 4405 1220 4486 apl,
1290 4476 1293 4482 ,

68 4511 234 4581 quarum
248 4493 310 4555 ἀντὶ
339 4493 394 4555 vir
416 4498 524 4575 potest
546 4492 681 4555 (lisbium
708 4508 792 4564 esse,
817 4492 896 4575 quin
924 4486 1145 4565 significatum
1167 4508 1219 4551 eo-

67 4586 157 4649 dem
183 4580 285 4643 modo
304 4598 347 4641 ex
371 4575 444 4640 ἄντα
457 4579 638 4650 deflexerit,
661 4583 700 4641 ut
725 4583 862 4659 utraque
888 4574 981 4637 notio
1006 4572 1041 4636 in
1065 4578 1221 4658 praeposi-

66 4674 176 4738 tione
190 4666 252 4750 aspi
261 4666 348 4731 inssi
362 4683 369 4726 :
387 4662 487 4741 'Arra
500 4666 641 4749 saperius
656 4667 786 4745 σχομένη
799 4661 909 4745 λιπαρὰ
922 4658 1075 4749 κρήδεμνα.
1119 4659 1219 4728 Uiru-
