3117 5175
270 348 314 415 ss
550 289 790 409 emoursm
810 320 1155 445 Abvnssronum
1283 342 1289 361 ·

271 520 343 586 cult
363 517 405 583 de
427 514 615 601 participiis
635 510 843 595 intelligendi
865 528 966 577 causa
988 505 1168 575 mutandis.
1210 500 1292 569 Non
1315 500 1409 567 en‘nn

271 608 398 689 ubique
411 605 497 668 tales
508 601 681 685 particulae
695 600 902 663 adhibentur.
945 596 994 661 Ae
1018 615 1061 661 ne
1083 594 1152 656 edes
1171 589 1310 671 quidam
1332 594 1412 673 pu

272 694 320 755 ὅτε
334 709 475 773 usquam
486 695 539 751 est
549 688 780 753 necessarium.
795 682 869 749 Vid.
884 702 913 747 e.
924 703 958 767 g.
973 678 1056 747 xeo.
1069 678 1147 763 Cyri
1160 676 1254 743 Disc.
1263 694 1296 741 s.
1310 673 1407 750 1,24.

160 766 167 778 ‘
244 772 586 847 caselensi.

316 862 406 927 Vera
419 868 531 927 autem
544 877 643 924 causa
655 858 746 922 illius
760 855 898 923 rationis
912 854 1042 921 videtur
1064 870 1136 919 esse
1158 849 1406 936 perspicuitatis

213 1022 218 1029 ,
274 948 447 1032 cujusdam
472 947 708 1029 gravitatisque
732 944 885 1008 studium.
930 941 1017 1015 Nam
1042 958 1119 1006 cum
1141 937 1315 1023 particulae
1328 937 1408 1009 illm,

275 1041 436 1119 quantum
457 1031 637 1105 observari,
658 1030 879 1095 adhibeantur
889 1031 940 1094 vel
963 1026 1000 1092 in
1013 1024 1188 1092 sententiis
1293 1024 1412 1087 leviter

277 1120 501 1193 transeundis,
522 1118 579 1183 sed
604 1118 781 1201 diligenter
806 1118 848 1180 ob
872 1117 1022 1180 animum
1043 1129 1191 1197 propone
1239 1111 1280 1182 ⁴,
1304 1108 1357 1173 vel
1378 1108 1413 1173 in

279 1207 415 1293 apodoti
437 1212 514 1289 post
533 1204 715 1285 longiorem
736 1205 908 1286 protasio:
933 1222 1000 1265 non
1025 1201 1199 1265 obscurum
1222 1215 1295 1261 esse
1318 1198 1410 1279 puto.

280 1294 360 1377 quid
376 1290 483 1357 Graeci
499 1290 670 1375 particulis
691 1290 758 1353 illis
780 1289 964 1373 significare
977 1286 1152 1355 voluerint.
1195 1280 1269 1347 Illis
1293 1300 1409 1365 nempe

280 1381 480 1445 monuerunt
492 1379 535 1442 de
548 1379 647 1442 rebus
670 1377 806 1457 maj0rls
829 1376 986 1439 momenti
1008 1374 1174 1459 probeque
1187 1370 1232 1433 ob
1246 1368 1280 1433 id
1293 1374 1408 1433 mian·

280 1467 345 1542 dis,
367 1467 533 1549 simulque
551 1462 776 1535 ostenderunt,
799 1463 835 1527 in
858 1461 1026 1528 recitando
1047 1460 1105 1524 ubi
1118 1476 1184 1522 rox
1201 1462 1288 1521 esset
1301 1458 1406 1523 inteu-

211 1590 220 1597 ·
278 1554 399 1627 denda,
425 1558 464 1617 ut
488 1572 531 1616 ne
555 1549 762 1615 auditoribus
786 1548 920 1631 quidem
948 1550 1125 1614 obscurum
1153 1548 1255 1615 esset,
1277 1542 1319 1605 sd
1338 1558 1411 1623 qum

279 1640 371 1705 dicto
382 1633 526 1703 maxime
539 1638 775 1722 cogitationem
790 1634 973 1709 intendere,
995 1640 1029 1700 et
1041 1652 1116 1718 quae
1133 1630 1282 1697 maxime
1303 1626 1415 1695 memi-

279 1727 368 1793 nisse
379 1725 550 1791 deberent.

643 1868 766 1937 Ales.
784 1868 861 1937 Vid.
883 1866 930 1935 EI
955 1864 1051 1935 ΓΑΡ.

763 2014 932 2081 ΑΛΛΩΣ.

326 2141 417 2209 Satis
429 2159 560 2226 gravem
576 2142 640 2207 hoc
652 2140 735 2206 iacit
747 2142 973 2225 pleonasmum
984 2158 1040 2225 ep.
1053 2139 1313 2225 Aristophanem
1321 2136 1422 2225 Veqa

284 2228 361 2293 929.
384 2230 429 2293 ἵνα
453 2230 499 2304 wi
514 2231 669 2303 κεκλᾶγκω
684 2226 810 2295 διακενῆς
825 2226 924 2291 dilen
938 2229 1015 2301 ivd:
1047 2226 1105 2291 sed
1128 2228 1199 2293 fere
1220 2229 1324 2293 nimis
1346 2246 1425 2309 gra·

287 2334 361 2380 uem
376 2314 413 2378 in
425 2312 542 2398 uurrp.
559 2312 643 2378 Heo.
658 2310 732 2377 488.
754 2332 800 2377 ss.
816 2309 865 2376 'tl
880 2312 957 2387 Ζεῦ,
978 2314 1008 2375 τί
1028 2312 1122 2390 λέξω
1144 2315 1256 2397 πότερα
1272 2318 1297 2377 α’
1312 2310 1427 2399 ἀνθρύ-

285 2424 358 2465 rrour
372 2403 459 2485 ὃρᾷν;
481 2399 501 2469 ἢ
526 2397 608 2476 δόξαν
623 2397 723 2463 ἄλλως
745 2397 829 2467 τήνδε
850 2396 1009 2467 κεκτῆσθαι
1029 2402 1127 2473 μάνην
1141 2399 1249 2474 ψευδῆ,
1272 2398 1428 2465 δοκοῦντας

288 2485 426 2562 δαιμόνων
440 2482 507 2550 εἶναι
520 2491 618 2561 pirou
633 2491 697 2549 etc.
730 2484 828 2549 Sede
843 2482 1027 2567 Musgravii
1042 2492 1077 2550 et
1090 2482 1219 2550 Reiskii
1231 2488 1427 2569 conjecturs

286 2593 362 2639 cum
378 2570 544 2638 Brunclrio
556 2591 618 2656 pro
633 2570 732 2636 ἄλλως
745 2572 936 2656 reponimus
951 2570 1065 2653 αὐτοὺς,
1084 2572 1173 2656 quod
1193 2592 1254 2638 nec
1276 2569 1428 2638 Porsono

286 2661 453 2745 displicet,
471 2661 530 2742 qui
551 2660 621 2724 sic:
648 2659 803 2723 “deesse
827 2677 1008 2745 pronomen
1032 2659 1172 2740 ridetur,
1197 2659 1263 2724 nisi
1287 2661 1428 2734 dixeris,

290 2755 316 2787 “
333 2745 498 2831 ἀνθρώπους
511 2745 732 2830 supplendum
747 2747 778 2808 ἐκ
795 2754 893 2826 κοινοῦ,
917 2746 1005 2827 quod
1026 2751 1136 2812 tamen
1158 2747 1278 2811 durum
1303 2747 1430 2823 esset?

292 2831 460 2898 Audacior
486 2839 549 2905 est,
574 2831 603 2897 si
626 2833 756 2896 litteras
782 2838 923 2919 spectes,
947 2835 1106 2898 mutatio:
1135 2832 1191 2900 sed
1215 2835 1431 2899 accusativus

293 2920 410 2983 abesse
425 2919 516 2982 nullo
534 2917 632 2982 modo
652 2924 777 3003 potest,
802 2939 878 2984 cum
899 2939 964 2984 non
979 2927 1136 3004 sequetm
1159 2916 1224 2984 τοὺς
1237 2918 1281 2994 d„
1309 2921 1371 2983 sed
1384 2919 1431 2981 is-

241 3020 247 3049 ·
293 3013 425 3086 setosae,
447 3006 520 3069 eine
533 3006 683 3069 articulo.
729 3003 857 3070 Similis
872 3013 923 3071 est
936 3027 1026 3072 error
1041 3009 1221 3091 scripturae,
1245 3007 1341 3087 cujm
1359 3025 1432 3070 sus-

245 3089 251 3100 '
294 3093 427 3242 {ieiune
451 3092 567 3158 ductus
593 3098 643 3155 est
666 3089 814 3156 Dorrille
834 3093 878 3155 ad
899 3091 1024 3159 Charit.
1050 3095 1121 3158 viii.
1149 3092 1181 3158 8.
1208 3091 1258 3244 ffb.
1274 3091 1351 3157 676.
1375 3093 1440 3158 eds

330 3179 406 3263 ps)
428 3179 486 3259 qui
499 3177 717 3261 probabiliter
731 3198 792 3262 pro
807 3177 905 3244 ἄλλων
919 3179 984 3264 legi
998 3179 1188 3246 vulturinis.
1230 3185 1329 3264 taque
1350 3179 1434 3246 Am·

299 3283 389 3329 mon.
403 3264 425 3328 l.
438 3266 462 3328 l.
476 3264 603 3329 frustra
615 3263 765 3330 defendit
778 3262 888 3329 ἄλλως.

772 3415 965 3482 ΑΜΕΛΕΙ.
1039 3433 1041 3438 ·

345 3536 420 3606 Hoc
433 3543 468 3604 et
482 3543 616 3626 propter
627 3558 724 3604 usum
738 3545 772 3604 et
792 3549 927 3627 propter
943 3543 1086 3610 sormam
1110 3543 1145 3609 in
1167 3541 1335 3610 adverbiis
1356 3562 1435 3627 pro·

301 3627 376 3712 prie
409 3629 458 3692 sic
491 3626 590 3691 dictis
619 3625 858 3692 numerandum
889 3649 1015 3694 censeo.
1070 3629 1232 3697 Convenit
1255 3633 1344 3696 enim
1363 3629 1434 3692 illis

305 3713 435 3795 ἀμαχεὶ,
459 3711 592 3776 modici
613 3719 677 3778 etc.
694 3719 727 3777 et
741 3713 865 3796 ubique
888 3716 935 3778 sic
960 3715 1143 3798 adhibetur,
1164 3726 1203 3782 ut
1226 3719 1338 3801 inepte
1352 3717 1433 3798 quis

305 3804 432 3864 vertat:
456 3797 537 3864 dorso
563 3797 673 3864 animo
695 3821 738 3878 er,
764 3797 835 3864 noli
857 3797 1012 3868 sollicitus
1034 3823 1107 3870 este.
1152 3803 1224 3869 Nec
1243 3825 1325 3870 vero
1343 3803 1437 3868 aliod

304 3885 426 3954 Suides
439 3885 570 3950 ridetur
585 3885 768 3967 significare
790 3887 945 3962 voluisse,
967 3909 1068 3973 quam
1082 3891 1243 3974 originem
1256 3892 1309 3955 rel
1324 3891 1440 3974 potius

306 3972 539 4055 cognationem
553 3973 655 4047 vocis,
669 3973 745 4036 cum
758 3973 872 4056 posuit
887 3974 932 4049 μή
948 4001 987 4040 σοι
1006 3977 1122 4052 μελέτω
1143 3975 1189 4040 διὰ
1202 3983 1296 4042 τοῦτο.
1340 3974 1442 4041 Solus

306 4065 460 4125 accentus
481 4059 522 4121 de
543 4057 739 4142 imperativo
759 4059 830 4124 vult
850 4061 1006 4142 cogitari:
1029 4063 1087 4127 sed
1110 4063 1313 4146 ambiguitas
1338 4062 1441 4128 facile

307 4144 541 4228 grammaticos
560 4149 593 4208 et
608 4145 762 4210 librarios
776 4143 917 4230 decepit,
938 4154 975 4212 ut
998 4168 1057 4234 pro
1072 4169 1147 4214 vero
1161 4149 1263 4222 ἀμελεῖ
1285 4149 1441 4214 introdu-

306 4237 419 4296 cerent
433 4233 543 4304 ἀμέλει.
587 4229 623 4292 Si
642 4236 772 4313 etymon
795 4240 995 4314 spectamus,
1016 4237 1125 4320 primo
1139 4255 1209 4300 esse
1227 4236 1359 4300 ridetur
1372 4233 1442 4300 eim

307 4313 538 4390 sollicitudine,
559 4315 680 4381 sireut
699 4337 765 4382 uno
790 4319 890 4384 verbo
909 4321 1016 4386 dicam
1038 4321 1242 4407 confidenter.
1284 4319 1339 4386 Ita
1352 4341 1442 4386 com·

307 4405 405 4467 mode
419 4409 529 4469 vertas
543 4400 627 4467 Plat
640 4423 707 4490 rep.
722 4402 779 4469 sii.
803 4407 868 4470 vol.
884 4406 942 4470 rii.
964 4427 1000 4492 p.
1019 4407 1088 4474 178.
1106 4405 1178 4486 Ἓξ,
1193 4409 1261 4490 ἔφη,
1275 4408 1297 4477 ἢ
1312 4412 1442 4492 πέπερι

304 4493 418 4562 assem
433 4485 579 4566 Ἀμελεῖ,
602 4477 694 4588 fisos,
718 4493 805 4559 sisse
830 4489 880 4558 θές
895 4540 904 4556 .
922 4540 930 4556 .
947 4539 956 4558 .
971 4492 1139 4582 liquidos.
1166 4493 1375 4580 confidenter,
1396 4495 1441 4558 ἱπ-

304 4591 415 4666 quam,
437 4593 700 4678 perceptioque.
744 4573 845 4672 ¹Hinc
872 4582 1026 4670 usurpari
1040 4579 1201 4675 [cepam
1228 4603 1290 4674 pro
1314 4579 1439 4674 atique,
