3117 5175
383 415 1093 546 »uuuouusuusuusruuuuotutt'
1223 441 1295 540 ‘³3³

157 631 315 716 alibique,
339 653 444 700 cause
457 656 557 721 porro
581 638 699 720 alique
713 645 853 724 possunt
865 638 998 722 requiri.
1042 630 1283 721 Eusperuecutl

157 736 269 784 sumus
284 722 319 784 in
333 719 419 803 laag.
436 719 467 810 §-
488 723 535 812 15„
551 747 581 790 c.
601 733 606 742 ’
904 774 911 788 .

171 833 177 844 ,
199 803 230 868 2.
252 803 290 872 iu
313 809 496 892 periphrasi
511 811 582 895 ppir
595 811 759 892 gravitate
784 829 850 877 nou
873 816 984 883 curet:
1006 811 1134 889 uroop
1150 807 1210 869 ι’νιιι
1224 803 1281 870 Ar·

154 887 373 1040 *ggSm-mib’.
395 920 398 932 ·
419 891 607 977 Odyus.¹A.‘·
623 895 677 961 42.
702 903 738 960 et
761 899 889 980 γέροντος
913 894 985 981 φρὴν
1011 891 1105 959 Pibd.
1184 891 1217 955 h.
1233 891 1281 957 vl.

624 1088 823 1157 ΚΛΗΡΟΣ.

153 1199 157 1206 ’
198 1195 325 1268 Vocare
353 1203 414 1267 hoc
438 1189 568 1271 videtur
595 1203 789 1285 adjunctum
816 1197 922 1269 v'erbo'
935 1203 1107 1286 λανχύνειν,
1133 1201 1220 1265 sicut
1248 1199 1283 1264 ei

155 1286 262 1362 τέλος,
283 1297 321 1354 ut
349 1287 490 1372 AEscbyl.
518 1289 653 1374 Septem
681 1312 712 1356 c.
737 1289 842 1355 Theb.
869 1289 923 1354 55.
948 1309 974 1354 s.
1003 1293 1040 1353 sis
1066 1289 1158 1373 τιν’λρ
1178 1283 1285 1367 λινχύν

156 1369 275 1437 ἕκαστος
288 1373 383 1440 ἀὐτῶν
404 1375 472 1462 πρὸς
485 1379 584 1439 τούλας
600 1373 663 1458 druos
677 1379 788 1459 λόχοντ
811 1384 845 1442 et
869 1371 1019 1460 Xenoph.
1045 1372 1147 1438 Mem.
1172 1372 1223 1435 lii.
1248 1367 1284 1444 9,

160 1455 210 1522 10.
233 1457 297 1524 τοὺς
317 1461 414 1547 κλήρῳ
438 1465 598 1544 λαχόντας.
641 1460 705 1526 Sed
732 1464 868 1526 verbum
889 1464 1050 1545 λογχᾴνειν
1072 1459 1160 1523 haud
1184 1458 1284 1522 dubie

154 1561 223 1606 non
248 1548 522 1629 complectebatur
547 1547 591 1610 ab
616 1547 714 1610 initio
736 1548 900 1632 duplicem
927 1550 1106 1619 notionem,
1129 1551 1168 1609 ut
1195 1548 1286 1607 esset

153 1626 311 1716 arripere,
326 1638 361 1695 et
374 1641 455 1697 rorte
469 1633 602 1714 quidem
616 1631 767 1720 accipere,
789 1635 846 1698 sed
862 1635 1044 1782 simpllicem
1060 1632 1204 1696 habebut
1218 1628 1286 1708 sig·

152 1715 378 1782 nificationem
407 1726 458 1784 τοῦ
486 1720 655 1792 λαμβάνειν,
686 1715 877 1806 accipiendi.
958 1738 1006 1784 uso
1031 1718 1175 1782 occonis
1196 1713 1286 1797 opud

152 1799 338 1866 Homerum
364 1809 399 1868 et
423 1803 506 1869 alios
534 1805 841 1886 antiquissimorum
857 1806 1069 1888 scriptorum
1095 1802 1291 1886 saepissime.

150 1879 272 1970 Itaque
286 1890 315 1954 si
338 1889 412 1972 quis
435 1898 522 1954 sorte
545 1891 671 1972 aliquis
695 1894 860 1976 accepisse
889 1892 1073 1964 dicebatur,
1101 1887 1287 1953 necessario

150 1971 339 2068 addendum
362 1983 434 2040 erut
458 1976 555 2062 νλύριρ
578 1984 638 2040 uut
664 1977 764 2062 λάχρ.
809 1976 873 2042 Sed
896 1996 971 2041 cum
985 1995 1065 2040 usus
1079 1976 1221 2046 tulisset,
1240 1976 1288 2037 ut
1315 2006 1318 2009 ν

151 2057 238 2121 iilud
253 2063 388 2125 verbum
400 2059 575 2144 poneretur
583 2063 724 2126 maxime
734 2063 775 2126 de
786 2065 884 2127 rebus
898 2058 1010 2128 sortito
1021 2061 1287 2143 obtingeutibus,

151 2162 297 2226 pronum
312 2146 390 2220 luit,
412 2153 450 2211 ut
471 2149 680 2212 omitteretur
705 2149 775 2212 iere
790 2169 923 2222 nomen,
947 2155 981 2212 et
995 2154 1033 2211 ut
1048 2166 1134 2218 roro,
1160 2164 1199 2208 uc
1212 2150 1288 2206 tau·

152 2231 326 2295 tummodo
341 2233 398 2296 ubi
414 2252 542 2297 summu
557 2236 685 2318 ἀκριβείᾳ
699 2253 783 2316 opus
797 2255 868 2298 esse
883 2235 1062 2308 videretur,
1085 2233 1175 2315 τνιὶλρι
1188 2227 1307 2293 udde·x

154 2321 248 2380 retur
261 2325 321 2382 aut
333 2319 442 2419 κλύρρ.
487 2317 542 2382 Sic
569 2326 603 2382 et
618 2316 727 2382 AEselr.
753 2328 870 2384 contra
892 2317 1039 2402 Ctesipb.
1066 2337 1095 2381 c.
1116 2315 1142 2380 l.
1157 2316 1202 2389 el,
1226 2314 1287 2398 qui

154 2419 223 2465 nou
234 2399 328 2484 justa'
341 2406 515 2470 sortitione
530 2405 586 2468 sed
601 2405 719 2470 callido
731 2407 860 2469 ratione
873 2405 1002 2492 πρόεδρος
1017 2405 1126 2469 iactus
1143 2407 1206 2477 est,
1218 2419 1291 2485 op·

154 2491 292 2574 ponitur
305 2490 347 2565 18,
360 2491 415 2572 qui
431 2487 516 2554 ’ύντονς
530 2491 619 2576 λάχῃ
634 2494 822 2575 κληρούμενος
835 2490 1013 2578 προεδρεύειν.

642 2662 808 2730 ΛΗΡΟΣ.

164 2818 169 2825 ·
200 2784 239 2851 Io
254 2786 398 2851 formula
411 2790 495 2871 λῆρον
505 2790 600 2871 ληρεῖν
615 2804 733 2849 nomen
749 2785 898 2849 cbuodut
910 2800 985 2849 cum
997 2786 1170 2869 grauitate.
1198 2784 1288 2851 Nam

153 2873 311 2954 molegio
339 2874 422 2944 vult,
444 2891 509 2935 uon
534 2872 727 2954 simpliciter
750 2888 823 2934 esse
852 2871 874 2934 l.
899 2890 934 2952 q.
966 2878 1073 2956 λνιρεῖν,
1095 2873 1153 2935 sed
1176 2870 1290 2959 plane,

111 3014 116 3019 .
150 2961 374 3045 proruusire
388 2955 583 3022 vehementer
597 2953 747 3021 delirare.
770 2954 845 3021 Vid.
861 2953 946 3038 lssg.
961 2955 993 3042 ἕ.
1013 2957 1062 3021 15.
1079 2975 1111 3021 a.
1125 2966 1211 3023 extr.

641 3100 809 3169 ΛΟΓΟΣ.

56 3286 64 3298 .
169 3245 173 3253 ·
201 3228 328 3297 Passim
344 3230 484 3295 occurrit
508 3230 603 3304 λύγοις
626 3224 752 3299 πείθειν,
766 3230 802 3290 et
822 3226 914 3309 justo
936 3226 1070 3309 quidem
1084 3231 1288 3315 pleonasmo,

154 3314 309 3402 utSoph.
325 3315 465 3381 Philoct.
487 3312 562 3378 6112.
589 3332 631 3378 ss.
673 3310 812 3395 Josephi
833 3312 994 3379 Amhaeol.
1017 3316 1085 3379 xlr.
1114 3315 1162 3382 19.
1185 3323 1289 3385 τείνας

141 3408 178 3480 „'
233 3407 304 3489 ρι’ρ.
337 3402 401 3467 Sed
424 3404 497 3466 locu
522 3402 616 3484 plura
640 3417 704 3463 nou
723 3401 795 3480 jam
811 3416 945 3483 possm
960 3404 1144 3467 ostendere.
1190 3402 1290 3489 Apud

212 3491 414 3569 nopbontem
437 3484 514 3571 Cyri
540 3485 630 3551 Dise.
658 3487 680 3549 i.
706 3484 739 3557 5,
762 3485 796 3550 3.
819 3488 908 3550 nullu
933 3488 1117 3570 pleouusmi
1145 3493 1289 3575 suspicio

155 3594 232 3638 eeee
246 3582 377 3660 potest;
400 3592 459 3638 uec
474 3593 529 3657 sp.
543 3571 653 3655 Polyb.
670 3568 822 3655 Excerpt.
836 3574 951 3655 legati.
982 3572 1053 3639 115.
1080 3576 1138 3638 ubi
1165 3577 1213 3641 sic
1238 3578 1288 3642 dl·

154 3662 263 3727 citur:
287 3666 397 3724 τούτοις
420 3662 472 3735 μὲν
493 3657 537 3723 οἷν
558 3664 617 3722 τοῖς
638 3660 733 3732 λύτροις
754 3654 882 3721 πεισθεὶς
907 3659 1287 3744 ὅνεύτεροςΠτολεμιιΐος.

155 3744 225 3811 Sed
251 3749 308 3811 ubi
327 3746 417 3826 ,illud
431 3747 593 3820 obsolute,
619 3742 690 3807 sinc
714 3743 880 3825 adjectivo
906 3750 964 3808 uut
978 3748 1185 3827 pronomiue‚‘
1208 3769 1239 3814 v.
1254 3770 1286 3815 c.

153 3838 290 3906 vomis,
306 3836 451 3904 τοιούτοις,
466 3836 585 3910 τούτοις,
599 3836 662 3893 ebo.
678 3830 814 3903 dicitur,
828 3830 1007 3894 tenendum
1019 3838 1080 3906 esi,
1094 3832 1203 3897 πείθειν
1221 3854 1288 3900 non

155 3919 264 3982 solum
278 3938 349 3983 esse
363 3916 465 3983 verbis
475 3914 677 4003 persuadere,
700 3917 757 3979 sed
776 3917 911 3981 omniuo
930 3936 1126 4003 permovere,
1149 3923 1217 3987 sive
1231 3922 1290 3985 tint

156 4006 271 4083 minis,
286 4006 356 4068 sive
369 4006 551 4089 promissis,
566 4006 635 4066 sive
649 4003 755 4066 donis.
799 4000 875 4067 Vid.
889 4001 1038 4088 Xenoph.
1050 4003 1166 4072 Mem.
1191 4008 1227 4070 ii.
1261 4006 1291 4082 1,

149 4089 216 4162 13,
232 4102 265 4155 et
280 4093 329 4155 iii.
349 4090 398 4170 11,
417 4089 462 4153 15.
479 4096 513 4153 et
524 4088 607 4152 Plut.
621 4090 684 4152 vol.
700 4108 730 4153 v.
744 4108 777 4171 p.
793 4087 864 4152 178.
874 4090 931 4153 ubi
942 4089 992 4153 dr.
1004 4093 1049 4155 isi
1059 4094 1175 4155 ἐκείνους
1190 4092 1292 4167 ἴωμεν,

154 4176 209 4237 καὶ
219 4174 365 4250 πείθωμεν
379 4176 399 4245 ἦ
411 4175 534 4259 δύρονςῆ
549 4176 660 4259 χάρισιν
673 4178 735 4239 etc.
757 4175 834 4238 Alia
848 4176 920 4238 loca
932 4176 1122 4258 suppeditat
1136 4173 1294 4259 Xenoph-

155 4263 269 4327 index.
292 4260 406 4342 ltaque
431 4262 466 4324 lu
486 4260 646 4343 ejusmodi
671 4261 749 4325 locis
764 4262 932 4325 subtilitas
956 4263 1064 4346 poscit
1087 4263 1190 4337 tirou.
1236 4259 1292 4329 Of.

118 4376 125 4385 ·
154 4348 343 4412 intraturis.

139 4422 151 4433 ’
191 4432 235 4496 2
259 4434 412 4498 Occurrit
431 4434 520 4516 apud
546 4430 748 4497 Herodotum
778 4436 817 4498 ὣς
837 4436 923 4498 εἰπεῖν
947 4434 1038 4519 λόγῳ,
1060 4432 1098 4494 11.
1117 4430 1170 4497 37.
1216 4432 1296 4501 Ηοο

152 4520 261 4605 plane
276 4521 390 4585 eodem
405 4538 501 4585 seusu
523 4520 647 4586 dictum
669 4520 898 4602 ridetur‚·quo
923 4523 961 4583 ὣς
982 4521 1051 4581 ἔτος
1072 4520 1169 4583 oiseii.
1213 4518 1295 4586 Vld.

155 4608 238 4672 ἔθος.

1057 4782 1122 4848 *o
