3117 5175
594 1082 1045 1187 PRAEFA'PIO

420 1268 802 1384 somnum
859 1270 1163 1387 nuncia.

720 1454 912 1527 tucrum

660 1571 664 1579 Ι
768 1622 802 1685 S.
821 1622 861 1687 D.

559 1779 607 1855 C.
634 1770 1075 1854 senou'rusumus.

695 2028 941 2051 *ul—¹·—

258 2191 435 2287 Annus
456 2212 527 2279 rere
550 2219 613 2295 ea,
632 2228 734 2296 quum
757 2210 944 2301 Bibliopolas
968 2214 1067 2299 hujm
1087 2212 1383 2281 incusationem

258 2321 295 2365 se
308 2318 483 2384 procurare
505 2299 590 2367 velle
610 2301 750 2385 apemit,
770 2308 804 2367 et
827 2302 854 2365 si
877 2302 958 2384 quid
972 2302 1015 2367 ad
1027 2322 1101 2367 eam
1120 2303 1383 2387 locupletandam

258 2387 348 2471 apud
366 2406 419 2451 me
439 2393 537 2463 esset,
556 2387 591 2451 id
608 2406 717 2451 secum
740 2388 1029 2465 communicarem,
1050 2391 1189 2473 rogavit.
1234 2387 1310 2455 Non
1325 2409 1383 2453 no-

259 2492 383 2549 veram,
405 2475 559 2555 quisnam
572 2475 671 2557 hujus
693 2475 742 2539 rei
766 2473 869 2540 luerit
892 2480 1019 2551 auctor,
1039 2476 1138 2541 facile
1160 2481 1272 2541 autem
1285 2495 1383 2559 repu-

259 2567 332 2628 tare
343 2563 451 2645 potui,
472 2563 572 2627 istam
583 2568 655 2627 tam
668 2562 817 2645 praeclari
838 2562 986 2647 opusculi
1001 2565 1036 2630 in
1057 2564 1156 2628 terris
1175 2562 1295 2628 nostris
1315 2560 1386 2626 edi·

259 2651 387 2715 donem
409 2668 475 2754 non
499 2667 595 2753 posse
621 2663 689 2714 non
715 2669 791 2714 cum
819 2648 973 2750 studiosa
1000 2652 1186 2752 juventutis
1211 2649 1383 2752 commodo

259 2733 1205 2908 {nllndllnllrllglllplslnllugermclrmcldllldlrcgbrllt,mllillllgs
1225 2755 1385 2907 {xmtllill

260 2911 366 2976 wana
380 2913 555 2994 scriptores
569 2910 659 2974 horis
678 2909 846 2976 succisivis
858 2914 1059 2994 persolvens.
1102 2907 1146 2974 Et
1155 2930 1197 2974 ex
1211 2911 1263 2974 his
1272 2909 1385 2991 ‚operis

261 3002 350 3062 natae
374 3005 452 3062 aunt
474 2998 547 3062 ista
568 2997 824 3072 observationes,
846 3015 928 3080 quas
950 2997 1028 3064 huic
1047 3015 1140 3062 norm
1154 2996 1293 3061 editioni
1307 2993 1383 3060 iub·

258 3083 475 3165 Jeeusvtda.
517 3083 647 3149 Interea
670 3102 758 3165 vcro,
777 3085 858 3148 dum
885 3104 942 3148 eas
964 3103 1118 3167 congero,
1149 3083 1277 3166 placuit
1300 3081 1382 3144 ami·

260 3187 374 3232 corum
389 3188 489 3233 suasu
507 3170 551 3233 ad
565 3168 820 3236 celeberrimum
846 3172 945 3254 hujus
968 3171 1046 3236 libri
1059 3169 1235 3238 Auctorem
1253 3169 1384 3234 litteras

261 3257 1383 3430 ms”iltttttitl',utilitatium

391 3387 399 3403 ⁸
1371 3385 1382 3416 2

260 3448 303 3494 eu
315 3448 403 3493 nova
424 3429 530 3494 libelli
543 3429 587 3492 ad
600 3448 661 3494 nos
673 3429 822 3494 adfertur
842 3431 957 3506 editio,
979 3433 1023 3494 ab
1043 3433 1118 3516 ipso
1132 3430 1276 3495 Auctore
1308 3447 1383 3514 pro·

260 3521 388 3581 curata.
431 3511 528 3580 Hanc
548 3517 649 3581 etiam
673 3516 853 3582 arbaecuta
881 3524 960 3582 sunt
983 3517 1073 3584 illius
1094 3519 1319 3598 litteraque
1347 3515 1382 3578 id

259 3608 388 3683 metata
400 3607 491 3677 sunt,
513 3621 579 3667 non
605 3603 782 3666 admodum
802 3609 935 3685 gratum
959 3605 1030 3670 lore
1056 3610 1126 3669 tum
1141 3601 1289 3678 ductori,
1310 3607 1384 3666 tum

259 3685 512 3774 l'ranequerano
533 3689 733 3774 bibliopola,
754 3690 785 3754 si
810 3709 894 3754 nova
907 3689 1022 3765 editio,
1043 3695 1078 3756 et
1091 3710 1165 3774 qua
1178 3691 1307 3773 prelum
1328 3707 1385 3752 ex·

260 3795 369 3840 ercere
388 3779 447 3841 rix
459 3776 614 3852 desierat,
635 3777 723 3860 apud
743 3795 804 3840 nos
818 3777 1037 3842 recuderetur.
1079 3773 1150 3841 Nec
1165 3781 1277 3840 tamen
1297 3781 1382 3848 erat,

259 3863 348 3943 quod
369 3881 428 3926 uos
451 3881 473 3927 a
494 3867 605 3927 nostm
625 3863 794 3947 proposito
816 3863 997 3945 quidquam
1009 3863 1189 3928 absterrere
1208 3861 1383 3948 posuisset.

259 3946 386 4014 Notum
400 3950 501 4024 euim,
522 3950 668 4033 priorem
692 3949 790 4033 hujus
813 3950 916 4015 libelli
937 3951 1112 4015 editionem
1137 3952 1172 4015 in
1187 3951 1238 4014 bis
1261 3947 1384 4012 noenia

259 4037 326 4101 oria
339 4041 409 4100 tam
422 4035 526 4102 fuisse
539 4055 662 4110 raram,
682 4044 721 4102 ut
742 4037 953 4122 paucissimis
971 4055 1045 4102 eam
1068 4037 1119 4102 rel
1132 4035 1244 4102 ridere
1266 4035 1384 4098 saltem

257 4124 444 4206 contigerit
488 4118 599 4194 Quum
623 4142 697 4186 sero
719 4142 738 4187 e
759 4143 795 4188 re
810 4121 965 4189 studiosa
985 4125 1170 4206 juventutis
1183 4123 1298 4205 utique
1323 4121 1382 4193 sit,

257 4211 342 4274 tales
365 4210 432 4293 ipsi
455 4209 558 4273 libros
580 4211 618 4273 in
639 4225 756 4273 manus
769 4211 855 4284 dari,
878 4229 943 4276 non
971 4211 1057 4274 mala
1077 4210 1118 4273 de
1139 4209 1213 4292 ipsa
1237 4214 1383 4271 meretur

257 4295 451 4380 bibliopola,
472 4296 561 4380 apud
573 4303 673 4375 quem
687 4313 781 4375 aequo
801 4299 883 4362 satis
907 4297 1014 4380 pretio
1034 4295 1197 4360 sufficiens
1216 4293 1384 4376 exempla·

256 4382 344 4447 rium
366 4384 464 4465 copia
485 4382 608 4466 poterit
630 4382 781 4445 inveniri.
832 4380 1031 4448 Exhibemus
1056 4401 1133 4464 ergo
1155 4379 1242 4460 Tibi,
1264 4377 1385 4444 Lector

255 4469 424 4547 benevole,
444 4468 658 4552 posteriorem
679 4467 778 4549 huius
804 4468 880 4532 libri
902 4469 1093 4542 editionem,
1116 4467 1178 4532 hoc
1202 4468 1275 4550 ipso
1293 4483 1384 4530 anno

255 4555 482 4710 Redeuntem,
506 4555 628 4618 nostris
651 4555 933 4640 qualibuscunque
953 4553 1178 4622 additionibus
1189 4554 1382 4618 auctiorem.

290 4663 328 4713 aa
355 4660 422 4709 oon
441 4641 507 4727 ipsi
524 4639 678 4710 ducaris
704 4641 809 4710 labori
833 4643 1029 4710 interserere
1051 4642 1221 4722 voluimus,
1243 4637 1385 4721 nequid
