3117 5175
298 372 360 441 152
566 376 624 439 DE
644 371 801 437 mist
820 369 878 433 ΕΤ
894 365 1149 431 mortisue

293 566 385 621 men,
406 548 497 629 quod
523 553 651 619 mum,
672 546 733 626 qui·
755 542 811 607 hic
836 541 967 623 positus
995 545 1058 611 est,
1095 540 1210 619 πυραῖς
1243 535 1291 605 iu¹
1310 534 1432 609 altero,
1544 584 1545 589 ,

292 654 398 717 quum
414 633 624 709 femininum,
637 650 702 697 non
715 637 872 696 nentrum
885 644 988 711 genus
1010 623 1195 689 adhibitum
1217 623 1276 695 sit,
1301 628 1430 687 certum

294 722 440 802 intelligi
455 720 711 793 urbstsntirnm,
726 718 830 799 idque
841 715 970 797 generis
984 710 1151 783 feminini,
1163 714 1314 793 apparet.
1356 704 1430 773 Ces·

294 812 405 871 terum
421 808 483 873 hoc
503 806 777 890 qnoqueclcrnm
799 810 862 876 est,
890 803 974 865 liene
998 798 1216 863 necessariam
1240 796 1430 879 doecriptio-

293 893 348 959 nis
362 899 502 976 purtem,
519 894 554 957 in
575 888 679 974 cnjns'
691 891 871 956 omissione
897 888 1026 972 ellipsis
1049 890 1213 958 versetur,
1241 902 1309 947 nen
1329 900 1430 965 posse

293 980 399 1044 aliem
421 1000 506 1058 esse,
525 998 626 1060 quem
648 980 760 1063 ipsum
783 976 978 1058 subjectum.
1021 970 1110 1037 Num
1137 972 1216 1052 quio
1245 970 1431 1051 subjectum

295 1064 438 1148 intelligi
454 1085 564 1150 perse
578 1071 613 1130 et
635 1062 776 1146 cogitari
800 1066 921 1147 potest,
946 1078 1057 1133 nemo,
1083 1064 1340 1125 commemorem
1352 1056 1432 1119 snb·

291 1150 396 1233 jecto,
410 1152 614 1219 desiderabit
633 1151 871 1235 prmdicntnmt
893 1152 1008 1213 contra
1022 1145 1201 1231 predicato
1214 1144 1338 1227 posito,
1353 1144 1436 1223 quis

296 1240 511 1321 predicatum
525 1258 594 1304 non
606 1243 721 1323 potest
736 1256 800 1322 per
823 1249 859 1299 re
880 1235 1038 1315 intelligi,
1058 1231 1243 1297 secesseris
1266 1229 1437 1295 desidere·

228 1324 289 1397 108
297 1342 372 1391 mus
389 1326 583 1407 subjectum.
641 1323 720 1389 Non
749 1330 802 1389 est
822 1342 904 1403 ergo
932 1321 1073 1403 ellipsis,
1092 1320 1150 1381 nbi
1180 1316 1215 1381 id
1240 1336 1374 1389 nomen,
1395 1316 1436 1381 in

293 1430 363 1495 quo
381 1412 494 1477 estrei
508 1412 700 1496 descriptio,
723 1410 803 1475 lieet
824 1410 967 1473 formum
988 1406 1112 1470 habent
1130 1404 1302 1486 adjectivi,
1322 1403 1358 1466 id
1378 1408 1432 1467 ert

294 1500 479 1583 medicati,
506 1518 545 1565 re
566 1505 680 1563 temen
694 1516 764 1581 pro
787 1496 948 1577 subjecto,
969 1494 1068 1557 idest
1089 1492 1196 1555 instar
1218 1491 1433 1563 substantivi,

296 1584 448 1661 hebetur,
460 1585 530 1649 sive
544 1604 588 1649 ex
599 1604 675 1659 nsn,
686 1591 727 1648 nt
739 1584 777 1647 in
790 1584 856 1657 his,
878 1585 892 1644 ὁ
908 1583 1054 1665 ἐρόμενος,
1065 1580 1085 1646 ἡ
1098 1581 1237 1664 ἐρωμένη,
1250 1578 1324 1641 sive
1333 1593 1375 1641 er
1386 1578 1436 1641 rei

297 1678 431 1745 mlum,
453 1670 653 1745 utitinam,
676 1669 711 1733 ri
725 1671 825 1735 καλὸν.
870 1666 961 1733 Nem
973 1667 1017 1730 in
1034 1666 1088 1729 his
1102 1665 1200 1749 plene
1214 1664 1298 1728 nihil
1316 1664 1438 1727 intelli·

233 1778 241 1828 .’
298 1758 401 1839 risu,
414 1764 535 1844 preter
556 1759 593 1823 id
606 1760 729 1841 ipsum,
741 1758 829 1838 quod
842 1755 895 1820 lris
909 1754 1019 1818 verbis
1034 1753 1233 1830 continetur,
1256 1751 1294 1814 in
1315 1750 1438 1831 sptium

297 1861 405 1927 genus
428 1855 578 1929 personne
605 1845 689 1909 setis
718 1845 793 1927 ipse
816 1843 989 1907 nominum
1010 1840 1120 1904 formu
1141 1838 1323 1902 indicetur.
1368 1834 1439 1901 Fre·

298 1932 519 2012 quentissims
533 1932 602 1995 heo
616 1931 781 2004 recteest,
797 1930 832 1993 in
848 1946 968 2011 genere
989 1932 1122 2000 neutro,
1141 1926 1178 1988 iu
1199 1944 1269 2009 qun
1280 1924 1346 2007 qui
1371 1924 1439 1987 nbi·

297 2022 476 2103 quenipos,
497 2022 641 2102 apione,
663 2021 773 2101 xpina
788 2016 994 2097 intelligunt,
1008 2030 1076 2077 non
1098 2013 1209 2076 minus
1228 2012 1341 2095 inepti
1351 2016 1442 2085 strui,

298 2121 401 2183 quem
412 2105 473 2186 qui
492 2106 598 2179 γαμεῖν
609 2110 645 2168 et
666 2099 829 2178 γαμεῖσθαι
852 2121 913 2185 per
926 2100 1059 2183 ellipsin
1072 2100 1138 2164 dici
1157 2104 1282 2181 putent
1302 2114 1367 2181 pro
1386 2124 1444 2172 qu·

297 2194 363 2261 μιῖν
384 2194 521 2264 γυναῖκα,
541 2186 704 2265 γαμεῖσθαι
723 2189 812 2273 ἀνδρί.
855 2186 899 2251 Ei
925 2188 960 2251 hi
984 2205 1053 2267 qli&
1073 2185 1209 2253 hiidem
1221 2186 1336 2268 eliipfli
1357 2185 1443 2247 inii!

299 2270 902 2443 dffliiiiluit‘in‘iriidiiii
915 2269 1078 2424 vendidi
1100 2276 1384 2423 {inindiffl
1396 2270 1447 2421 dn

545 2404 555 2435 r
1076 2402 1085 2433 s
1432 2392 1447 2411 ·

302 2447 421 2523 seruit,
434 2465 535 2527 quem
558 2452 619 2511 ent
634 2446 799 2521 nolumus,
813 2452 873 2513 eut
895 2466 962 2512 non
981 2464 1154 2529 possumne
1176 2444 1447 2509 elarius'deseri-

303 2530 395 2598 bel'e.
439 2531 537 2607 Quod
552 2534 581 2598 si
601 2532 766 2598 interdum
794 2536 893 2619 μέρος,
914 2533 1056 2619 crpitum}
1079 2536 1188 2619 χρῆμα
1212 2531 1330 2597 additis
1351 2550 1449 2616 repe-

304 2620 451 2695 riuntur,
480 2618 516 2685 id
548 2639 615 2684 non
642 2625 695 2684 est
720 2628 932 2700 argumento,
962 2621 1019 2684 nbi
1055 2621 1124 2684 hmo
1152 2619 1290 2684 nomine
1320 2619 1449 2692 absint.

303 2707 429 2772 omissa
443 2725 526 2783 esse,
540 2707 598 2772 sed
607 2708 714 2789 mngis
724 2708 883 2782 ostendit,
894 2708 979 2771 elias
988 2713 1208 2790 prorsus'esse
1218 2707 1448 2786 loquutiones,

234 2858 237 2869 ,
304 2792 419 2856 ubilis
432 2793 556 2857 additis
569 2795 772 2858 rescertins
791 2793 1001 2866 describitur,
1026 2793 1123 2870 nlins,
1150 2793 1206 2858 nbi
1232 2811 1300 2857 nou
1322 2794 1448 2876 podiis

305 2878 418 2945 miuus
430 2879 567 2944 definite
582 2885 635 2943 est
647 2879 766 2944 oratio.
812 2878 902 2944 Nsm
922 2880 1010 2944 haud
1026 2899 1103 2945 roro
1124 2899 1166 2945 ne
1179 2883 1289 2962 potest
1309 2877 1453 2960 quidem

305 2970 367 3071 cpi
382 2966 500 3031 borum
512 2968 685 3030 nominum
699 2966 977 3074 intelligi'nllnm,
992 2972 1053 3032 ent
1074 2967 1177 3048 eliud,
1196 2966 1301 3030 ueluti
1316 2968 1355 3030 in
1373 2965 1447 3040 lror,

307 3071 344 3115 π
358 3052 575 3204 Ἑξὲιῖἷιξυὲ
589 3060 642 3204 iist
651 3056 1019 3223 icgppppppprpppjecto·
1072 3139 1265 3205 Accedimus
1289 3159 1385 3207 nnnc
1410 3141 1454 3206 nd

240 3223 299 3298 109
308 3225 535 3306 predicatum.
581 3221 761 3305 ,Hoeven
778 3245 839 3308 per
857 3228 989 3310 ellipsin
1012 3227 1123 3291 omitti
1148 3228 1241 3291 nullo
1262 3235 1370 3310 pecto
1395 3247 1458 3314 po·

309 3316 387 3377 test.
430 3309 521 3374 Nem
546 3329 651 3391 qnnm
673 3314 782 3376 omnis
807 3315 973 3378 sententis
1000 3313 1087 3378 hunc
1118 3313 1218 3378 finem
1248 3314 1393 3390 hebent,
1416 3323 1457 3380 ut

310 3395 510 3480 predicetur
528 3397 657 3478 nliqnid
680 3398 722 3462 de
745 3399 858 3483 ulique
883 3419 931 3474 re,
961 3407 1113 3484 opertum
1133 3405 1194 3480 est,
1218 3419 1292 3464 enm
1320 3403 1458 3466 nullam

311 3500 447 3568 prorsus
465 3483 614 3557 futurem
627 3501 699 3548 esse
714 3487 1008 3567 sententiamque
1028 3489 1071 3554 de
1089 3486 1247 3570 aliquare
1261 3485 1348 3552 nihil
1369 3507 1461 3572 pru»

245 3596 262 3618 ν
311 3569 491 3636 diceretur.
535 3566 651 3652 ltaque
675 3572 711 3634 in
736 3577 833 3636 tenta
854 3574 1066 3639 multitudine
1087 3575 1269 3654 nominum,
1285 3595 1366 3658 qnae
1397 3595 1463 3660 per

311 3656 445 3739 ellipsin
467 3663 526 3722 unt
544 3676 619 3721 vere
640 3659 851 3734 omittuntur,
880 3667 940 3724 snt
964 3662 1073 3725 omitti
1100 3679 1197 3744 posse
1225 3662 1342 3725 multis
1380 3665 1462 3728 rin

311 3743 547 3822 sunt„mirnm
559 3748 609 3808 est
623 3751 747 3817 tumen,
762 3761 864 3829 quem
878 3765 984 3829 pauca
1005 3748 1231 3830 adjectivs·usl
1245 3748 1289 3810 eb
1303 3747 1376 3827 hie,
1401 3753 1464 3836 qni

310 3829 437 3916 ubique
460 3828 593 3914 ellipsin
619 3833 794 3895 commenti
818 3841 908 3906 snut,
935 3834 971 3896 in
1005 3835 1092 3898 hnnc
1121 3851 1294 3898 nnmerum
1326 3837 1466 3902 reterri

311 3918 493 3998 potuerint.
557 3915 705 3990 Quorum
733 3918 969 3999 adjectivorum
998 3939 1064 3984 non
1092 3921 1234 3984 estnisi
1261 3939 1394 3996 nuum,
1429 3929 1467 3989 in

312 4003 851 4086 qnoegnoscendeessetellipslr,
876 4007 941 4070 nisi
964 4007 1025 4072 hoe
1047 4023 1176 4092 qnoque
1200 4025 1266 4072 non
1295 4009 1343 4071 ab
1372 4013 1469 4096 ipsis

311 4088 539 4172 scriptoribus,
560 4090 618 4152 sed
644 4087 687 4153 ub
711 4091 857 4156 librariis
880 4095 1036 4158 omissum
1063 4100 1162 4168 esset,
1186 4093 1406 4160 tetendiet>
1431 4103 1468 4162 in

310 4175 454 4241 formula
466 4174 498 4251 ἐξ
510 4180 634 4256 ὀνύχων,
656 4195 755 4261 quam
781 4178 957 4242 formulam
979 4201 1033 4244 res
1062 4181 1135 4264 ipsu
1155 4181 1250 4246 docet
1268 4182 1469 4250 absurdam

310 4279 393 4336 esse,
420 4263 485 4326 nisi
507 4262 656 4326 directim
676 4263 874 4344 adjectivum
901 4265 1051 4332 addetur.
1094 4267 1245 4341 Quodsi
1272 4270 1343 4332 hec
1379 4291 1472 4336 vers

310 4355 399 4424 sunt,
413 4355 531 4431 sponte
544 4349 752 4429 intelligitur,
778 4369 843 4414 non
860 4352 955 4417 modo
977 4355 1133 4436 adjectivi
1157 4355 1207 4418 rel
1233 4375 1471 4446 quecumque

309 4433 447 4498 nomine
459 4435 628 4517 predicunt
645 4436 752 4499 officio
772 4435 972 4520 iunguntur,
997 4442 1055 4506 sed
1069 4461 1114 4506 ne
1135 4441 1285 4506 adrerlrii
1302 4445 1471 4530 quidem.

308 4526 368 4584 ctu
395 4522 655 4622 prepositionis,
693 4529 753 4588 ent
782 4527 1029 4608 conjunctionis
1066 4527 1201 4612 ellipsin
1228 4549 1305 4594 esse
1339 4533 1474 4600 ullsm.

307 4599 440 4681 Etenim
463 4607 544 4692 qnid
570 4609 662 4678 niun
685 4615 777 4686 sunt,
799 4631 869 4698 que
889 4615 1061 4704 porticulo
1083 4619 1253 4690 vocentur,
1276 4635 1392 4704 qum
1410 4640 1471 4692 vo-
