3117 5175
381 404 598 473 emeno
618 405 814 471 nunonis
834 404 1052 471 timuere.-
1179 407 1271 469 mili

147 594 293 659 mur
309 588 486 657 umbonum
499 587 605 663 Booti,
625 588 663 653 in
689 593 785 655 sexte
797 588 941 654 editione
954 586 1081 662 obvios,
1096 606 1169 653 nou
1183 608 1272 655 sem-

146 698 195 764 per
209 678 403 762 mpplevit3
425 678 528 742 immo
548 694 649 740 novos
670 676 844 741 uerborum
867 674 1013 739 defectus
1034 674 1070 739 in
1092 694 1187 765 suem
1201 676 1270 741 edi-

147 766 263 829 tionem
292 765 453 847 menore,
475 768 510 829 et
538 763 703 845 integrum
729 762 865 831 h‘tulum
894 762 929 825 io
957 756 1073 845 Ellipsi
1101 761 1272 827 nominum

147 846 327 924 ΠΟΝΟΣ,
347 846 450 925 leben
471 849 583 915 obesse
594 847 756 934 permisit.

647 990 677 1074 §-
699 984 772 1053 xn.

180 1110 356 1195 Superest,
385 1117 425 1177 ut
450 1111 492 1175 de
520 1128 606 1176 noue
631 1110 693 1177 hee
717 1114 832 1175 nostre
860 1108 995 1191 hujusce
1022 1110 1099 1175 libri
1129 1108 1272 1179 editione
1301 1154 1305 1167 ·

226 1202 258 1263 's
269 1198 432 1265 monus
476 1196 709 1271 Perveneram,
721 1214 795 1278 quae
809 1199 847 1264 iu
860 1192 1273 1281 BibliopolioMurtiuieno

171 1287 264 1368 ’μείω
274 1289 472 1369 moererent
491 1283 694 1368 exemplaris
705 1280 799 1349 Edit.
822 1285 866 1347 vi.
891 1283 1047 1349 emtionis
1067 1284 1142 1369 jure
1167 1285 1202 1349 iu
1222 1290 1274 1355 te·

148 1372 277 1437 hermm
302 1371 474 1450 librarium
498 1368 787 1455 Orphenotrophei
812 1367 978 1435 Heleusis.
1022 1368 1088 1433 Sed
1112 1370 1180 1437 hese
1199 1370 1275 1455 ipss

148 1458 295 1542 mempln
304 1477 384 1523 (nrm
393 1457 485 1522 brevi
494 1458 650 1523 deiutme
662 1457 861 1529 viderentur,
875 1461 908 1520 et
919 1474 994 1523 vero
1002 1456 1073 1531 illu,
1085 1456 1182 1522 leude
1190 1458 1274 1527 sliu

148 1564 203 1609 nun
227 1564 294 1609 non
319 1544 516 1623 frendendo,
537 1542 784 1610 Schweheliune
810 1542 922 1615 editio,
945 1542 1044 1607 nimis
1058 1560 1136 1609 euro
1162 1545 1197 1609 in
1222 1544 1274 1611 his

148 1631 328 1714 nummio
342 1630 496 1701 venirem
517 1631 715 1709 consultum,
736 1628 976 1701 communiente
989 1646 1065 1692 eum
1087 1629 1191 1695 doctis
1203 1633 1276 1713 qui·

148 1716 282 1781 husdsm
293 1714 390 1781 Viris
414 1716 565 1791 oonsilio,
590 1717 758 1790 duximus,
781 1714 823 1779 sd
848 1733 967 1779 nouom
981 1733 1078 1795 quem
1093 1716 1146 1781 hie
1159 1716 1275 1783 miuus

152 1804 324 1867 editionem
343 1803 495 1868 animum
520 1804 672 1888 ndjieere,
695 1802 877 1885 presertim
891 1820 966 1866 eum
981 1806 1181 1887 opportune,
1202 1821 1274 1885 quse

153 1908 212 1954 nos
224 1888 268 1953 ed
279 1890 337 1954 hoe
348 1890 462 1975 ipsum
476 1889 675 1965 honoretur,
698 1894 784 1954 esset
798 1888 933 1954 oeensio.

636 2040 665 2124 ι.
688 2036 776 2105 run.

190 2164 285 2230 Necti
308 2165 464 2230 videlieet
485 2184 620 2229 eremus
641 2166 810 2249 exemplar
822 2164 987 2247 quoddam
1005 2166 1109 2231 testie
1120 2166 1276 2233 editionis

149 2250 320 2334 Elipeium
336 2249 526 2317 Graeeerum
543 2250 646 2324 Bosii,
669 2252 704 2315 in
728 2254 823 2334 eujus
845 2253 994 2333 margine
1018 2253 1140 2315 multas
1166 2255 1276 2319 ohser-

149 2339 293 2403 rntiones
320 2337 539 2421 adscripserunt
565 2335 970 2422 Philologus-primarius,
994 2336 1033 2401 B.
1063 2334 1275 2407 Christianus

149 2422 346 2489 Benedictus
381 2423 564 2501 Michaelis,
600 2422 771 2489 Professor
798 2424 876 2489 olim
909 2423 1097 2505 Theologise
1130 2427 1276 2508 itemque

148 2509 269 2575 Gonnos
282 2517 319 2575 et
343 2508 564 2576 Orientalium
577 2508 779 2594 Hostiorum
801 2512 835 2576 iu
857 2518 971 2577 nostre
991 2510 1170 2575 Aoedemin
1193 2516 1278 2579 eele-

147 2598 317 2664 bsrrimus.
363 2595 481 2680 ltaque
505 2602 639 2680 gestum
665 2599 780 2663 multis
805 2599 923 2662 henum
949 2599 1133 2662 litterarum
1145 2601 1276 2685 cupidis
1401 2657 1403 2662 ,

147 2685 265 2750 metiri
290 2684 496 2759 videbamur,
517 2684 547 2748 si
569 2685 814 2750 ohservationes
839 2686 914 2750 illos
939 2682 1011 2748 Viri
1038 2684 1088 2748 vel
1114 2691 1190 2770 post
1204 2687 1277 2754 ists

147 2769 367 2843 Venerabilis,
383 2769 425 2834 sd
439 2770 693 2836 illustrationem
712 2771 798 2837 sueri
813 2771 933 2836 eodieis
948 2771 1170 2844 collaetando
1185 2785 1277 2856 repe-

146 2857 247 2923 tenes
258 2856 409 2922 editione
421 2857 525 2923 libelli
538 2854 673 2922 suenni
685 2875 761 2922 eum
773 2857 852 2922 orbe
869 2857 999 2922 erudito
1019 2858 1275 2922 communiente-

146 2963 232 3016 nus,
254 2944 406 3008 rotilde
427 2963 463 3008 re
478 2945 513 3007 in
526 2944 643 3026 primis
666 2944 740 3009 iore
760 2944 948 3018 multorum,
968 2943 1026 3027 qui
1048 2959 1147 3008 seerae
1168 2941 1278 3010 Philo·

147 3032 243 3113 logiae
253 3029 381 3094 studiis
395 3048 529 3116 opernm
542 3029 634 3105 dent,
647 3031 677 3096 si
691 3029 878 3113 hujumodi
892 3028 1133 3096 secessionibus
1148 3030 1276 3096 noviter
1310 3053 1311 3056 ¹

150 3118 311 3182 nuncto
321 3115 425 3181 editio
437 3116 567 3181 modiee
580 3116 664 3202 ipsis
676 3117 785 3202 pretio
799 3117 1020 3184 exhiberetur.

185 3387 403 3456 instituimus
418 3393 533 3454 entem
555 3391 592 3456 in
615 3391 844 3458 hseeditione
864 3389 1073 3456 eolletlonem
1085 3395 1187 3464 sextu
1208 3389 1277 3456 edi-

146 3477 247 3542 tonis
257 3473 440 3560 fllipsium
448 3473 639 3542 (imnum
651 3476 742 3544 Bosii
750 3495 825 3542 eum
835 3477 978 3542 editione
987 3479 1157 3553 tertioaeu
1168 3479 1278 3562 prims

145 3560 312 3648 lipsiensi
336 3569 372 3626 et
394 3564 505 3646 priore
529 3562 765 3654 Sehoettgenii.
799 3561 864 3628 ⁴Ee
885 3563 1039 3628 methodo
1062 3562 1276 3647 deprehendi-

146 3651 406 3716 nnslaounsrn
429 3652 554 3733 pesrim
582 3652 697 3716 obvies
715 3651 916 3732 integrorum
940 3667 1094 3715 versuum
1122 3651 1156 3712 in
1181 3655 1275 3715 textu

148 3733 255 3811 Bosii,
275 3735 443 3800 intoethrm
462 3737 563 3802 etium
579 3737 825 3821 Sehoettgenii:
850 3738 908 3800 hos
928 3755 1041 3802 uersus
1054 3753 1087 3800 s:
1102 3737 1276 3802 verborum

148 3824 265 3898 linens,
275 3842 356 3905 que
368 3823 404 3885 in
417 3821 619 3889 editionibus
627 3821 863 3898 leisnsrisnis,
876 3827 976 3904 nique
990 3823 1090 3890 etism
1101 3821 1277 3887 insenue-

146 3907 294 3982 helians,
315 3909 515 3989 exciderent,
536 3911 780 3996 mppleuimus3
801 3914 835 3975 et
856 3909 940 3976 elius
949 3910 1094 3990 mendas,
1115 3925 1187 3992 qun
1200 3927 1276 3996 pos·

148 3995 213 4060 sim
227 4000 468 4070 rennuentem,
490 3998 693 4064 sustulimus.

648 4133 680 4219 s.
703 4095 776 4198 riv.

192 4252 268 4324 Boe
280 4263 399 4324 numm
414 4259 449 4324 in
463 4257 581 4342 primis
592 4277 680 4326 eure
693 4259 789 4324 nohis
812 4258 890 4331 luit,
912 4264 950 4323 ut
963 4263 1148 4324 contextum
1164 4258 1278 4323 verho-

151 4361 225 4411 τω
249 4341 360 4418 Bosii,
381 4365 442 4410 nee
467 4365 533 4412 non
552 4342 818 4412 observationum
833 4343 1069 4426 Schoettgenii,
1091 4345 1213 4426 ubique
1229 4347 1278 4410 in·

151 4431 574 4512 immetoohaerentem
596 4437 633 4498 ut
648 4451 710 4517 por
723 4439 807 4506 eret,
831 4434 1050 4498 redderemus.
1092 4427 1154 4495 ille
1176 4433 1278 4514 igitur

146 4519 273 4592 mnis,
294 4537 370 4600 quse
384 4519 428 4583 eh
442 4519 554 4601 ulique
567 4521 749 4604 posteriore
769 4538 866 4584 manu
893 4519 928 4582 in
943 4521 1132 4584 contextum
1152 4519 1278 4584 intruso

141 4610 254 4680 aaut,
289 4606 326 4672 io
363 4607 664 4678 eonvenieutiorem
707 4607 816 4672 locum
843 4607 1027 4692 rejecimus.
1082 4603 1164 4678 Qun
1200 4624 1278 4670 vero
