3117 5175
318 355 356 428 14
387 441 391 446 .
769 359 996 425 rsaooon.

311 535 404 597 ccmr
424 528 511 602 ides,
542 525 703 594 scribenti
730 518 946 597 certe'eidem
966 533 1003 594 ct
1025 524 1187 610 scriplum
1207 542 1308 592 muru
1334 526 1452 606 cogui-
1523 532 1524 559 ι

310 617 395 682 tioni
425 622 459 678 at
487 614 614 696 judicic
646 616 787 681 aliorum
815 617 1031 682 commissum
1050 613 1087 676 id
1107 613 1255 678 accidere
1276 630 1451 695 nunquam

310 707 434 785 potest,
471 703 554 784 quin
589 703 702 766 statim
737 703 831 778 illud,
871 705 902 767 si
937 701 1221 772 animadverterit,
1263 706 1448 783 expungat

311 787 437 860 Quodsi
466 807 532 852 uon
559 787 842 874 animadverterit,
875 809 937 854 noa
962 789 1046 854 illud
1068 788 1271 868 corrigamus
1292 787 1375 851 lieet
1400 805 1448 859 eo,

308 895 376 956 quo
397 876 469 958 ipse
498 874 621 954 corrigi
644 881 827 958 pateretur,
850 877 967 942 modo:
1003 881 1074 950 aut,
1094 872 1266 957 (quoniam
1288 872 1333 935 de
1360 875 1448 936 auti·

307 979 449 1044 quorum
463 961 595 1043 scriptis
609 962 788 1042 loquimur,
809 966 845 1028 et
867 963 909 1026 de
930 963 1047 1044 lingua
1067 961 1164 1024 nobis
1177 979 1245 1024 nou
1259 958 1346 1024 setis
1370 978 1446 1040 eog-

308 1047 390 1127 nita,
409 1054 449 1112 ut
472 1054 570 1114 caute
594 1053 629 1112 et
657 1049 811 1132 religiose
837 1050 935 1114 nobis
967 1047 1131 1132 agendm
1155 1048 1214 1130 sit)
1249 1065 1446 1112 moneamus

307 1135 438 1207 sutem
461 1134 566 1198 insito
579 1136 708 1200 auctori
734 1135 817 1200 illud
841 1136 1003 1200 excidisse
1025 1138 1061 1198 et
1078 1132 1262 1198 sedulitate
1290 1132 1444 1204 librario-

305 1239 379 1284 rum
403 1227 569 1286 servatum
588 1220 704 1286 rideri.
747 1217 878 1286 Furiosi
904 1224 996 1295 enim
1021 1226 1110 1295 esset
1134 1221 1254 1294 dicere,
1278 1219 1363 1284 illud
1384 1217 1443 1283 ets

303 1315 418 1390 gunter
443 1307 618 1390 πλεονάζειν.
659 1305 710 1377 Ex
743 1307 902 1380 hactenus
936 1308 1036 1374 dictis
1067 1309 1170 1372 etiam
1204 1307 1368 1388 aequitare,
1389 1325 1440 1382 es,

303 1411 377 1473 quer
409 1394 509 1458 simili
539 1395 678 1480 ratione
699 1399 849 1479 captanus
882 1396 1048 1470 dicantur,
1080 1394 1264 1480 plurimum
1284 1393 1373 1457 inter
1402 1412 1441 1455 se

303 1497 398 1562 pome
426 1479 570 1546 differre.
612 1478 854 1546 Valckenarius
884 1483 928 1545 ad
960 1479 1074 1566 Eurip.
1101 1478 1218 1546 Phoen.
1255 1477 1323 1544 722.
1345 1481 1441 1542 inter

302 1567 390 1630 alia:
414 1573 437 1606 ‘⁶
454 1573 567 1634 uirum
590 1567 720 1632 dicatur
742 1568 807 1650 ixei
829 1570 955 1653 resperas
976 1587 1020 1649 an
1034 1567 1108 1642 ἐστὶ,
1129 1567 1180 1630 vel
1203 1570 1281 1649 κυρεῖ
1295 1565 1440 1640 relm-

302 1660 327 1696 “
350 1655 433 1734 χάνει
447 1654 581 1736 περόνας,
604 1655 684 1720 nihil
699 1654 869 1718 interest.”
914 1653 978 1720 His
991 1655 1102 1719 verbis
1115 1653 1172 1716 ille
1190 1658 1322 1716 tanaim
1333 1652 1440 1733 sigui·

302 1739 422 1816 licerit,
443 1740 478 1804 in
493 1741 647 1804 omuibus
660 1741 713 1804 his
726 1741 882 1822 loquendi
896 1740 1012 1806 formis
1032 1741 1093 1804 hoc
1107 1741 1227 1814 inesse,
1240 1759 1311 1802 rem
1324 1735 1367 1804 ab
1383 1737 1436 1804 io

299 1823 388 1889 mine
401 1845 468 1891 esce
487 1823 666 1914 perfectam
679 1827 748 1892 sive
762 1824 949 1892 absolutam.
994 1825 1060 1890 Sed
1079 1846 1153 1892 curn
1168 1845 1227 1908 per
1241 1844 1278 1888 se
1293 1825 1363 1888 illa
1374 1826 1435 1888 ali·

299 1918 461 1991 quantum
474 1911 644 1989 differunt,
666 1919 737 1978 tum
752 1914 823 1978 suis
843 1914 937 1988 iocis,
958 1917 1092 1997 propter
1107 1912 1198 1975 ideas
1211 1910 1333 1990 socias,
1352 1929 1432 1991 quaa

299 1998 445 2063 diversas
459 2001 616 2080 excitant,
641 2002 684 2064 ab
704 1999 894 2068 auctoribus
917 2019 993 2066 curu
1016 1999 1142 2081 judicio
1163 2003 1199 2062 et
1211 1997 1343 2061 delectu
1357 2004 1433 2062 sum

297 2103 359 2151 usu
422 2090 474 2150 tae.
1030 2139 1036 2148 .

340 2103 434 2253 iulg.
448 2171 526 2234 Jsm
540 2191 640 2253 supra
654 2173 777 2251 monui,
787 2168 1022 2252 grammaticos
1036 2170 1077 2234 de
1089 2170 1290 2254 pleonasmis
1306 2167 1431 2234 Graecis

296 2257 419 2320 rectius
431 2257 537 2320 videri
561 2257 696 2332 sentire,
718 2277 819 2339 quam
844 2257 951 2338 loqui.
990 2257 1093 2322 Lectu
1118 2257 1220 2338 digna
1243 2264 1336 2334 suut,
1360 2277 1431 2337 qua

297 2339 496 2424 Hoogeveen
513 2343 597 2406 hunc
609 2343 644 2406 in
659 2363 730 2409 reru
745 2345 787 2407 ad
802 2340 880 2424 Vig.
894 2345 936 2407 de
957 2341 1139 2408 Idiotismis
1154 2341 1211 2417 Gr.
1234 2342 1270 2408 d.
1282 2345 1331 2408 ri.
1349 2341 1384 2418 2,
1402 2344 1429 2407 l.

295 2427 435 2494 addidit.
452 2427 550 2492 Salvo
564 2447 659 2493 sensu
670 2430 797 2510 aliquid
809 2430 924 2496 abesse
936 2448 1045 2513 posse,
1058 2431 1115 2493 sed
1128 2435 1243 2494 mmcn
1255 2429 1429 2494 idemillud

294 2515 463 2597 eleganter
477 2514 565 2595 addi,
578 2515 702 2580 dicunt.
748 2513 823 2579 Hoc
836 2537 915 2598 ergo
929 2517 1074 2583 maxime
1090 2523 1239 2601 peccant,
1255 2516 1347 2598 quod
1361 2516 1430 2578 iere

293 2620 393 2667 unam
408 2601 605 2688 elegantiam
618 2622 680 2685 pro
703 2622 804 2667 causa
817 2605 1002 2687 pleonasmi
1026 2604 1162 2676 hubent,
1183 2621 1293 2684 neque
1316 2601 1427 2667 tamen

293 2688 391 2771 hujus
415 2690 588 2770 elegantiae
611 2696 765 2753 naturam
786 2690 964 2754 declarant.
1007 2688 1114 2755 Aliter
1141 2690 1238 2753 nobis
1263 2690 1426 2769 agendum

292 2782 356 2849 cst,
367 2776 640 2857 quemadmodum
654 2782 687 2839 et
702 2774 901 2858 Hoogeveeu
913 2777 1037 2856 aliique
1049 2776 1160 2841 facere
1174 2782 1363 2858 creperum,
1375 2796 1426 2839 ac·

292 2865 505 2944 curatiusque
534 2862 838 2937 demonstrandum,
866 2884 886 2928 e
913 2864 1037 2946 quibus
1064 2863 1214 2929 fontibus
1241 2862 1425 2945 pleouaami

291 2944 479 3013 Graecorum
495 2949 668 3013 ducantur.

273 3072 276 3079 ·
335 3034 365 3119 ᾖ.
392 3035 440 3099 14.
464 3036 594 3115 Primus
619 3036 694 3099 inus
717 3033 814 3100 nobis
836 3040 907 3101 cato
927 3032 1133 3106 subtilitatis,
1154 3034 1318 3116 quoniam
1341 3034 1425 3097 hanc

292 3120 326 3182 in
342 3122 531 3185 defiuitione
546 3123 582 3205 ἦ.
603 3121 635 3183 3.
658 3121 766 3203 primo
789 3123 860 3185 loco
880 3123 1060 3206 posuimus.
1104 3118 1187 3185 Haec
1210 3126 1251 3185 ιιι
1278 3140 1347 3185 nou
1371 3121 1424 3183 de·

290 3206 501 3282 siderarctur‚
518 3206 626 3271 Graeci
642 3208 684 3269 ad
702 3208 844 3287 justum,
870 3209 929 3289 qui
950 3209 1053 3272 videri
1067 3209 1185 3291 possit,
1203 3208 1340 3274 modum
1354 3228 1423 3272 rer·

288 3288 418 3366 borum,
443 3297 546 3357 multa
575 3293 739 3357 addebant
764 3296 800 3357 in
823 3292 968 3379 speciem
989 3312 1243 3379 supervacanea.
1286 3290 1347 3357 ue
1367 3312 1422 3357 au

286 3382 353 3441 tem
368 3382 537 3459 sententiae
552 3380 719 3443 subtilitas
732 3381 767 3443 in
782 3400 831 3453 eo,
853 3388 892 3445 ut
905 3381 988 3444 nihil
1003 3382 1125 3446 laisum
1150 3401 1199 3453 re,
1226 3378 1421 3461 ambiguam

285 3464 394 3528 verbis
408 3468 589 3539 contineat,
613 3465 696 3530 nihil
720 3468 810 3549 quod
822 3466 962 3533 dubium
975 3468 1032 3545 sit,
1056 3474 1225 3549 tamquam
1240 3474 1370 3530 certum
1387 3472 1418 3527 et

283 3551 491 3632 exploratum
518 3554 720 3637 pronuntiet,
742 3559 781 3617 ut
797 3555 891 3635 justo
916 3573 1024 3635 neque
1049 3553 1150 3617 latius
1170 3571 1277 3632 neque
1299 3571 1417 3633 angus-

283 3634 352 3699 tius
366 3637 407 3701 de
421 3658 456 3702 re
471 3640 635 3713 decernat,
673 3640 815 3721 denique
840 3646 878 3705 ut
905 3641 1019 3705 omnia
1033 3639 1133 3703 verbe
1157 3644 1192 3702 et
1205 3640 1343 3703 omuino
1369 3658 1416 3700 re

282 3738 355 3785 rum
369 3730 509 3799 nature,
531 3733 565 3791 et
579 3726 722 3791 maxime
736 3727 798 3799 rei,
823 3727 867 3791 de
879 3746 947 3809 qua
960 3726 1104 3810 dieitur„
1114 3726 1321 3789 conveniant
1362 3722 1414 3787 Ad

282 3812 463 3875 sententias
478 3814 581 3892 igitur
593 3814 694 3895 plane
708 3812 891 3895 poliendas,
913 3814 957 3882 ad
980 3830 1094 3875 aarum
1114 3819 1227 3894 partes
1252 3812 1316 3877 rite
1336 3808 1412 3872 defi·

279 3893 417 3961 utendas
439 3903 473 3961 et
494 3899 537 3961 ad
563 3899 675 3962 omnia
690 3899 809 3963 ricinis
823 3899 996 3965 sententiis
1008 3900 1090 3962 scite
1103 3898 1251 3981 aptanda
1262 3894 1411 3977 quadam

281 3982 389 4058 verba,
403 4001 486 4065 quos
504 3986 710 4067 pleonasmos
733 4003 902 4057 sommus,
924 3985 1099 4050 addebant.
1140 3984 1271 4049 Eximia
1285 3990 1337 4046 est
1357 4001 1409 4045 eo

279 4084 353 4130 rum
369 4068 557 4133 et'iurtassc
572 4072 676 4135 nimiu
691 4073 753 4135 hoc
777 4073 812 4136 iu
832 4086 950 4153 geuene
968 4071 1157 4152 diligentia,
1181 4088 1257 4151 quae
1270 4068 1410 4135 maxime

277 4156 421 4219 cernitur
440 4158 474 4220 in
489 4158 655 4221 luculenta
668 4156 915 4238 particularum,
940 4156 1063 4237 quibus
1075 4157 1146 4223 lere
1160 4155 1341 4220 sententias
1360 4152 1407 4215 iu-

277 4244 423 4320 struunt,
438 4244 548 4326 copia.
590 4240 628 4306 ln
644 4244 697 4307 his
711 4244 930 4324 dijudicandis
950 4247 986 4307 et
1004 4241 1210 4325 explicandis
1233 4240 1404 4303 difficultas

275 4324 535 4409 longemaxiura
550 4330 719 4412 interpreti
742 4331 908 4410 objicitur.
951 4327 1059 4393 Nobis
1081 4329 1136 4391 hic
1162 4332 1296 4392 tantum
1321 4324 1403 4388 suffi-

275 4411 344 4475 ciat
357 4414 497 4491 dixisse,
519 4432 594 4479 curn
609 4434 675 4479 uon
693 4435 715 4479 a
728 4416 922 4488 dialecticis,
942 4416 1000 4480 sed
1023 4434 1047 4479 a
1069 4416 1193 4498 populo
1212 4411 1400 4477 intffldttd!

276 4494 346 4560 siut
361 4500 426 4563 itte
440 4507 492 4566 tot
505 4502 687 4586 particule,
707 4520 789 4582 quas
803 4508 840 4567 et
861 4502 894 4586 ς.
915 4500 949 4565 5.
964 4505 1050 4565 extr.
1067 4501 1253 4582 tetigimus,
1266 4514 1397 4578 cumque

245 4648 250 4653 .
276 4576 465 4664 linguarum
479 4588 636 4673 analogia
656 4607 723 4659 uon
748 4589 897 4673 madeat,
916 4592 957 4655 ut
976 4587 1117 4669 singulis
1144 4602 1261 4655 earum
1273 4582 1395 4668 miehi!
