3117 5175
289 431 331 477 xx
635 404 851 472 rumano
871 402 1075 469 uersuum.
1152 471 1157 481 ,

291 598 425 669 teriam,
445 612 490 660 ex
503 608 569 681 qua
583 591 710 677 aliquid
724 590 850 655 tactum
866 598 929 665 est,
950 588 1145 657 denotantia
1162 592 1301 676 ponant,
1321 590 1357 655 et
1369 606 1424 655 ras

291 685 383 767 ipsas
397 684 472 747 iane
486 683 592 746 iactas
605 680 757 779 elliptiee·
765 680 933 744 omittant,

334 768 371 832 Si
387 771 462 854 quis
476 769 573 852 plura
588 766 645 847 huj
647 784 687 829 os
709 765 758 827 rei
781 766 933 849 exempla
944 761 1155 831 desideth
1145 782 1174 827 ra
1188 762 1336 827 oonsulat
1349 761 1425 827 Jae

291 853 506 919 Perizonium
529 852 572 916 ad
593 788 716 915 Ε11ιιι.
732 848 810 914 Var.
828 850 918 915 Hist.
933 852 992 915 lib.
1006 870 1040 917 r.
1054 872 1083 915 e.
1098 847 1153 913 21.
1194 848 1344 913 ,lensium
1358 846 1424 914 lar·

287 939 519 1005 eianmlamti.
543 939 578 1001 8.
603 938 708 1022 3186
725 956 775 1022 sq
801 936 952 1001 ι1111.6.
978 935 1425 1021 p.344.etineputol.ad

226 1051 230 1056 ·
286 1025 397 1091 Grec.
412 1026 501 1089 Dect.
517 1022 595 1088 lue
609 1024 835 1123 subiunctap.
848 1022 923 1087 411

334 1110 472 1185 Quod
443 1130 473 1175 ιι
489 1112 618 1196 quiade
632 1112 748 1175 oeteris
759 1110 866 1173 etiam
888 1110 1059 1193 ellipsibus
1074 1111 1116 1173 ad
1130 1074 1321 1175 communia
1335 1130 1422 1195 quaa·

284 1199 365 1263 dam
387 1216 506 1281 genera
526 1196 717 1261 revocandis
741 1196 914 1277 cogitaret,
937 1198 967 1259 is
989 1216 1160 1261 numerum
1183 1198 1351 1279 ellipaium
1372 1198 1424 1261 di·

288 1286 483 1349 modorum
494 1286 669 1357 minueret,
690 1284 921 1367 memoriaeque
934 1282 1131 1347 discentium
1145 1284 1341 1357 oonsuleret,
1364 1284 1423 1348 ils·

285 1391 355 1455 que
369 1373 431 1435 hoo
443 1372 625 1455 prodesset,
638 1380 689 1441 ut,
704 1388 806 1454 quum
820 1388 941 1453 paucas
956 1371 1087 1452 ellipses
1101 1370 1306 1442 didicissent,
1320 1372 1423 1452 pluri·

288 1476 362 1521 mas
374 1464 488 1522 tamen
498 1460 630 1522 scirent.
661 1456 828 1521 Acoeoant
842 1457 946 1536 igitur
960 1456 1002 1518 ad
1018 1458 1190 1521 lectionem
1206 1456 1303 1538 hujus
1316 1456 1421 1521 libelli

284 1546 404 1629 aliqua
419 1542 542 1607 Graue
555 1544 677 1624 linguae
690 1544 810 1607 notitia
822 1543 928 1613 tincti,
951 1548 985 1605 et
1010 1544 1182 1607 lectionem
1196 1544 1268 1625 ι3ιιι
1283 1562 1357 1605 oum
1372 1543 1422 1627 ip·

288 1650 400 1696 sorum
424 1629 617 1695 Graecorum
643 1636 814 1694 auctorum
835 1629 974 1693 leo'tione
1002 1631 1218 1711 conjungant,
1242 1630 1421 1715 simulque,
1451 1630 1457 1637 '

283 1737 362 1803 «quse
375 1719 416 1781 de
430 1718 648 1781 similitudine
668 1717 834 1798 ellipsium
856 1715 1101 1790 admonuimus,
1123 1721 1202 1780 aute
1223 1718 1334 1781 oeulos
1354 1716 1422 1779 sibi

283 1811 426 1887 ponant.
471 1801 537 1876 Qui
553 1806 603 1867 ita
617 1803 678 1866 hoc
692 1803 803 1866 libello
813 1806 970 1874 utentur,
995 1802 1123 1867 illinon
1139 1804 1280 1867 multum
1294 1802 1422 1867 deside-

286 1890 412 1953 rabunt
433 1891 544 1953 omnia
565 1891 714 1974 ellipsios
734 1896 794 1952 aut
819 1906 937 1969 genera
956 1890 1190 1971 autexempla.
1234 1888 1311 1953 Alia
1333 1890 1424 1953 ratio

284 1996 403 2040 eorum
416 1980 478 2049 est,
500 1995 558 2060 qur
548 1975 764 2059 hujusmodi
787 1974 907 2037 libellis
925 1978 1083 2057 tanquam
1098 1975 1213 2038 lexicis
1227 1976 1342 2041 volunt
1355 1974 1421 2040 utl.

284 2060 363 2127 Hos
385 2064 561 2143 indignari
577 2064 688 2135 toties,
709 2081 776 2125 nou
801 2068 853 2125 est
874 2061 1005 2133 mirum,
1027 2062 1188 2145 quoties
1178 2080 1213 2123 ιιι
1237 2062 1424 2144 elliptioum

286 2149 441 2235 loquendi
463 2168 568 2230 genus
592 2150 628 2213 in
648 2150 810 2232 scriptore
828 2147 941 2229 aliquo
964 2147 1100 2209 obvium
1114 2146 1274 2220 incidunt,
1297 2146 1339 2213 de
1353 2168 1425 2233 quo

286 2236 343 2299 hio
357 2236 441 2299 nihii
455 2235 643 2318 expositum
658 2241 719 2297 eat.
763 2234 829 2296 Sed
849 2238 980 2317 quantae
1004 2234 1101 2295 molis
1123 2234 1292 2297 rdnmina
1305 2252 1424 2317 procu·

280 2322 396 2386 denda
409 2329 532 2396 essent,
547 2323 577 2385 si
593 2321 711 2385 horum
720 2322 804 2383 rotis
819 2320 1025 2383 satisfactum
1039 2319 1252 2402 cuperemus!
1274 2316 1424 2386 Libellus

287 2409 342 2473 hie
355 2408 574 2473 informandae
586 2407 628 2470 ad
643 2404 793 2470 Graecam
807 2406 1006 2485 elegantiam
1015 2405 1184 2507 juventuti
1199 2407 1341 2487 scripura
1356 2412 1423 2483 ιιι,

281 2497 382 2577 eujus
407 2496 537 2576 generis
562 2494 664 2557 libelli
689 2497 729 2555 ut
749 2498 844 2557 extra
866 2498 1025 2573 angustos
1050 2491 1206 2556 terminos
1228 2498 1423 2573 evagentur,

280 2600 351 2646 -uon
366 2590 416 2647 est
428 2581 618 2654 conditione
631 2580 701 2644 ulla
714 2579 936 2664 permittendu
941 2598 984 2642 m.

281 2667 398 2730 Sed
410 2670 665 2752 adhascauaaa,
685 2667 899 2749 quamobrem
920 2666 961 2730 de
977 2667 1038 2730 hoo
1045 2665 1248 2730 libronimis
1269 2667 1423 2772 augendo

284 2775 352 2820 nou
366 2773 565 2856 magnopere
582 2755 780 2826 laborarem,
802 2753 929 2817 aceedit
946 2760 981 2817 et
994 2754 1074 2826 alia,
1097 2757 1131 2816 et
1153 2752 1286 2832 quidem
1304 2757 1422 2834 preci·

283 2860 366 2926 pua,
380 2843 415 2904 in
429 2861 470 2904 eo
483 2841 606 2922 posita,
621 2841 721 2921 quod,
732 2858 808 2904 cum
817 2839 904 2903 viros
919 2857 971 2903 me
984 2840 1081 2921 longe
1094 2840 1257 2904 doctiores
1270 2839 1421 2906 animad-

282 2928 469 3001 vertissem,
480 2945 555 2990 cum
566 2927 631 2992 sibi
645 2927 776 3008 ellipses
790 2927 914 2990 eruisse
922 2928 1124 2998 ¹riderentur,
1137 2922 1302 2989 interdum
1315 2925 1422 2992 offen·

283 3016 373 3079 disse
386 3021 422 3078 et
441 3015 550 3096 lapsos
570 3031 654 3086 esse,
676 3013 759 3076 milri
773 3012 981 3078 veliementer
993 3011 1175 3076 carendum
1187 3017 1351 3094 putarem,
1376 3033 1420 3077 ne

281 3102 383 3164 nimie
396 3100 573 3164 ambitioso
597 3098 746 3179 undique
765 3081 898 3180 ellipses
909 3097 1107 3180 congerendi
1127 3099 1238 3163 studio
1259 3099 1349 3164 licias
1371 3099 1420 3164 el·

279 3186 462 3270 -lipsespro
475 3185 750 3250 rerisadierrem.
794 3183 895 3258 Nam,
917 3185 1006 3267 quod
1021 3185 1086 3248 illia
1107 3184 1241 3257 accidit,
1263 3187 1320 3268 qui
1340 3204 1419 3268 pro·

282 3272 410 3346 verbis,
437 3272 493 3356 qui
508 3273 592 3334 ritus
610 3276 645 3334 et
657 3271 831 3353 opiniones
844 3276 989 3336 veterum
1004 3271 1136 3351 aliaque
1154 3271 1188 3332 id
1203 3289 1307 3351 mnus
1320 3273 1421 3338 oolla-

280 3364 411 3440 gerunt,
431 3365 470 3422 ut
496 3375 583 3439 προ
607 3358 743 3420 modum
766 3358 968 3432 excederent,
992 3359 1159 3440 nimioque
1185 3357 1307 3430 studio,
1328 3359 1420 3443 quod

281 3446 485 3526 querebant,
507 3444 631 3526 ubique
645 3443 845 3516 inveniendi,
868 3462 934 3508 nun
958 3463 1034 3508 raro
1047 3444 1288 3526 deciperentur,
1310 3445 1419 3509 aede-

276 3533 452 3614 ·oiperent;
475 3527 563 3593 idem
580 3549 623 3594 ue
636 3531 719 3594 mihi
735 3549 868 3612 quoque
888 3551 950 3596 usu
965 3532 1100 3603 veniret,
1123 3531 1294 3604 timebam,
1316 3531 1345 3593 ai
1366 3533 1419 3594 ni·

279 3617 330 3682 -lail
344 3617 515 3697 antiquius
529 3615 694 3690 habuisse,
717 3617 867 3697 nihilque
892 3623 960 3680 tam
983 3617 1138 3680 metuisse
1154 3615 1294 3690 viderer,
1316 3633 1419 3697 quam

281 3722 324 3768 ne
346 3704 429 3766 liber
450 3703 504 3764 irie
522 3704 622 3766 nimis
643 3704 752 3768 brevis
772 3709 871 3768 esset.
916 3700 1057 3785 Ellipses
1080 3709 1191 3770 autern
1209 3701 1302 3766 fictas
1323 3721 1418 3778 νοω,

278 3789 554 3870 quumuooabula
577 3789 730 3854 dicuntur
754 3791 875 3854 omissa
898 3807 981 3866 esse,
997 3807 1070 3870 quae
1084 3788 1128 3852 ad
1149 3790 1281 3871 plenam
1296 3791 1419 3854 oralio-

279 3897 372 3950 nem,
405 3894 583 3956 sensusque
610 3876 836 3956 integritatem
865 3893 931 3940 uon
957 3883 1036 3940 aunt
1061 3873 1258 3940 necessaria.
1317 3873 1418 3942 Tales

278 3965 374 4028 fictas
395 3964 529 4044 ellipses
546 3981 614 4026 non
639 3963 746 4026 solum
768 3963 828 4024 alii
843 3962 932 4026 docti
946 3962 1008 4026 viri
1024 3981 1085 4043 pro
1100 3961 1185 4024 reris
1204 3967 1238 4024 et
1259 3963 1419 4043 genuinis

279 4049 446 4114 interdum
461 4048 660 4120 habuerunt,
681 4049 934 4130 eedipseetiam
949 4045 1064 4116 Luna.
1079 4046 1156 4125 Bos,
1177 4046 1212 4110 id
1225 4048 1315 4128 quod
1327 4067 1421 4114 nune

279 4135 441 4218 exemplis
453 4135 650 4235 quibusdam
664 4135 823 4217 probabo.

322 4221 556 4302 Antequam
525 4239 575 4284 vu
588 4220 798 4285 doctissimus
813 4218 893 4284 Lud.
907 4219 1070 4286 Kusterus
1082 4220 1231 4284 libellum
1245 4223 1422 4303 egregiam

278 4307 321 4371 de
335 4329 411 4372 varo
436 4325 498 4370 usu
523 4307 698 4370 verborum
721 4307 903 4372 mediorum
929 4309 1015 4392 apud
1039 4305 1171 4372 Grecos
1186 4307 1307 4386 ederet,
1329 4327 1423 4392 saepe

277 4395 431 4474 contigit,
437 4397 477 4458 ut
487 4393 551 4455 vira
541 4393 671 4458 cetera
685 4395 807 4475 linguae
815 4391 938 4460 Graecae
947 4395 1143 4477 peritissimi
1156 4396 1224 4457 vim
1240 4393 1423 4460 verborum

278 4481 461 4544 mediorum
475 4498 540 4543 nou
554 4480 637 4542 satia
651 4480 962 4546 animaduerterent.
1005 4479 1043 4544 ld
1067 4481 1155 4562 quod
1170 4480 1345 4546 suoetiam
1359 4501 1424 4546 ex·
1527 4527 1528 4555 J

276 4567 388 4650 empio
402 4566 611 4632 doctissimus
631 4573 748 4632 auctor
769 4572 880 4632 noster
894 4567 995 4632 semel
1011 4567 1197 4650 iterumque
1211 4567 1424 4676 comprobat.

277 4649 347 4720 Ubi
361 4655 452 4720 verbi
466 4671 569 4720 causa
580 4652 654 4736 agit
666 4653 708 4718 de
719 4653 829 4740 ellipsi
845 4656 1125 4742 prepositorum,
1146 4653 1252 4722 sm
1233 4653 1292 4718 eea
1314 4655 1349 4720 io
1367 4655 1424 4727 loe
