3117 5175
434 404 998 511 -ennoulsrnenouolnuum
1215 398 1278 513 '45

155 600 250 713 {HN}
272 607 357 679 μάλα
378 612 483 715 μέγαν,
507 613 596 689 ἣὸγε
619 620 748 720 χλούνην
770 614 891 703 Κάπρον
914 615 1074 682 irretitos
1095 620 1177 729 φέρονΦ
1189 616 1278 682 ποδὸς

153 694 417 846 661666ἷῖ6113
435 702 537 850 8111661
552 701 1277 872 lst’rrffiriffiffffitffssffirffinrutitzum

152 857 338 930 eBentleio
358 868 400 933 ad
422 867 540 937 Horat.
563 870 675 938 Carm.
698 876 722 938 i.
748 874 783 947 9,
808 876 858 939 16.
885 884 923 941 ut
944 882 1055 939 monet
1081 872 1211 939 Ernesti
1233 877 1277 940 ad

152 941 280 1011 Gallim.
292 951 315 1013 l.
330 952 351 1015 l.
371 1007 376 1015 .
395 952 472 1019 Vid.
497 963 544 1034 et,
559 960 587 1022 si
613 962 732 1044 placet,
753 958 848 1025 Iliad.
865 959 906 1023 A.
924 959 979 1024 65.
1003 958 1275 1025 3263436111.

150 1028 219 1096 237.
236 1052 264 1097 s.
278 1042 312 1100 et
326 1036 485 1107 elatinis
497 1040 629 1109 Terent.
646 1045 788 1129 Adelph.
802 1047 853 1111 iii.
866 1046 900 1121 2,
921 1045 953 1110 8.
968 1044 1085 1110 Horat.
1100 1044 1212 1110 Carm.
1227 1047 1275 1110 iii.

150 1116 509 1193 24,45.ss.nrv.51.
553 1131 647 1212 Virg.
673 1128 749 1195 AEn.
771 1152 804 1197 ν.
827 1132 903 1197 456.
946 1131 1111 1199 Venustus
1133 1134 1220 1198 inest
1241 1132 1279 1199 in
1339 1138 1341 1147 '

150 1220 279 1271 recursu
295 1210 431 1283 minime
452 1222 641 1299 exspectato
662 1218 756 1291 ideoe,
783 1230 857 1301 quae
880 1218 1063 1305 principem
1085 1218 1213 1283 obtinet
1232 1219 1280 1282 lo-

147 1307 234 1364 cum,
251 1293 275 1355 1.
288 1314 316 1359 e.
331 1298 488 1380 subjectl;
511 1304 594 1367 etin
616 1304 766 1387 emphasi
778 1304 920 1387 quadam
935 1323 1000 1369 non
1015 1304 1164 1384 obscura,
1178 1310 1216 1369 ut
1236 1302 1276 1370 11.

149 1371 239 1474 Rin
248 1380 584 1454 marrucinorum
595 1386 813 1454 Alenoodmm
823 1388 1280 1488 uecouimumejusubhorrere

139 1479 166 1522 o
175 1460 236 1527 tots
243 1464 352 1550 sacto,
374 1468 537 1557 redforr'le
564 1470 714 1539 Venerem
728 1476 808 1541 odeo
823 1475 948 1543 οοοίἱὶο
959 1474 1143 1541 aorrdrtr'one
1156 1474 1278 1541 hobitu-

139 1550 462 1705 Ζέηξοοιῗῶἓίοω
476 1560 597 1625 voculre
611 1562 755 1627 brevitas
783 1563 910 1648 aliquid
924 1563 1081 1632 momenti
1105 1562 1149 1627 ad
1168 1564 1278 1629 suavi·

620 1754 797 1863 'arros
831 1790 834 1805 ’

140 1927 274 2011 ubique
297 1954 358 2019 per
380 1938 601 2021 significatum
622 1951 682 2012 sut
703 1944 826 2012 diserte
856 1948 1063 2013 nominatum
1088 1949 1279 2033 oppositum

139 2034 241 2119 sutus
262 2038 366 2105 neque
389 2026 544 2108 exiguam
563 2029 631 2095 vim
653 2032 766 2097 habet.
821 2030 974 2101 Peccavit
998 2036 1034 2100 in
1057 2054 1098 2100 eo
1123 2034 1278 2118 Vigerus,

140 2120 201 2185 qur
218 2121 266 2169 ιν.
283 2104 316 2194 8.
333 2108 405 2173 ,11οο
418 2114 567 2198 scripsit:
593 2120 616 2157 “
631 2115 815 2183 Pronomen
826 2121 925 2197 αὐτὸς,
944 2140 1018 2186 cum
1039 2122 1171 2187 nomine
1194 2122 1279 2185 ἕκασ-

141 2194 168 2229 “
190 2214 255 2271 τος,
275 2193 364 2259 idem
387 2200 521 2280 penitus
545 2208 612 2277 est,
636 2204 725 2286 quod
756 2205 875 2270 ἕκαστος
898 2227 957 2290 per
986 2224 1022 2270 se
1044 2209 1161 2271 solum.
1213 2204 1280 2269 De-

142 2285 166 2315 “
191 2279 319 2342 mosth.
340 2282 641 2371 oeplevnpopaetcP
683 2287 788 2356 Totus
809 2293 899 2356 loeus
913 2312 947 2375 p.
964 2310 1008 2357 m.
1040 2291 1111 2355 168.
1132 2312 1167 2374 p.
1184 2292 1205 2361 1.
1232 2293 1280 2355 sio

143 2358 250 2426 habet
265 2383 274 2424 ἓ
294 2362 410 2473 ‘Opim
433 2370 501 2456 γὰρ,
517 2371 539 2436 ὖ
553 2377 584 2436 α’.
627 2373 779 2442 Ἀθηναῖοι
803 2377 857 2452 ὅτι,
883 2378 935 2440 ὅσοι
948 2378 1002 2452 μὲν
1023 2374 1138 2441 πώποθ’
1154 2376 1282 2441 ἅπαντες

140 2448 226 2543 ὗμξῗς
240 2449 441 2531 ἐβουλήθητε,
467 2457 515 2523 sai
529 2458 609 2533 μετὰ
622 2467 718 2525 ταῦτα
734 2461 768 2525 τὸ
781 2465 917 2547 πράττειν
938 2462 1026 2527 adrias
1047 2462 1165 2525 ἕκαστος
1186 2466 1282 2547 ἑαυτῷ

137 2534 449 2621 προοῆκεινῆγήοᾶο,
471 2543 675 2611 athilwini·
697 2550 775 2624 ὑμᾶς
801 2546 944 2630 ἐξέφυγεν·
970 2548 1021 2612 ὅσοι
1043 2546 1072 2610 δὲ
1095 2542 1280 2618 ἐβουλήθητε

134 2623 204 2696 μὲν,
219 2624 308 2696 μετὰ
323 2632 419 2690 τοῦτο
434 2626 463 2692 δὲ
477 2634 671 2708 ἀπεβλέψατε
684 2634 754 2718 πρὸς
764 2635 925 2708 ἀλλήλους,
949 2638 986 2697 ὣς
1000 2631 1086 2695 αὐτὸς
1096 2633 1149 2704 μὲν
1163 2631 1282 2694 &aoros

135 2711 169 2768 οὗ
196 2709 341 2787 ποιήσων,
370 2712 418 2775 τὸν
441 2714 471 2778 δὲ
491 2720 612 2784 πλησίον
635 2718 791 2802 πράξοντα,
815 2717 891 2780 οὐδὲν
916 2722 1036 2780 πώποτε
1068 2718 1134 2789 ὑμῖν
1160 2719 1281 2790 ἐγένετο.

134 2789 310 2858 Versione
324 2801 533 2880 supersedeo.
578 2802 749 2866 Sententia
774 2807 826 2866 est
850 2797 1078 2883 Xenophontis
1093 2797 1172 2882 Cyri
1188 2800 1280 2866 Disc.

133 2879 170 2942 ii.
186 2880 223 2954 3,
239 2881 277 2943 3.
300 2884 394 2962 cujus
418 2886 520 2948 rerba
533 2888 618 2950 hunc
639 2887 748 2949 locum
761 2886 893 2967 egregie
920 2887 1097 2952 illustmnt.
1142 2885 1281 2952 Addidit

133 2963 206 3030 cel.
222 2963 445 3032 Hermannus
460 2969 525 3035 duo
539 2967 701 3036 Herodoti
716 2972 801 3046 loca,
826 2991 899 3052 quae
913 2978 947 3035 et
962 2974 994 3035 vi
1020 2977 1054 3035 et
1066 2974 1158 3054 justa
1178 2974 1282 3037 etiam
1308 3015 1311 3022 ·

128 3053 389 3200 perspicuitate
398 3055 672 3139 destituerentur,
694 3059 722 3121 si
747 3055 836 3120 αὐτὸς
863 3059 1013 3123 abesset:
1039 3057 1134 3124 Prior
1158 3064 1209 3122 est
1223 3059 1297 3124 vii*

153 3137 184 3202 9.
202 3145 304 3204 extr·
327 3135 419 3204 θέλων
434 3142 521 3208 αὐτὸς
535 3141 652 3208 ἕκαστος
664 3144 704 3206 τοὶ
725 3144 893 3228 προκείμενα
915 3142 990 3227 δῦρο
1000 3149 1101 3218 λαβεῖν
1115 3164 1149 3227 q.
1162 3166 1189 3210 e.
1209 3163 1282 3209 tum

127 3224 215 3305 (non
253 3227 300 3290 in
330 3243 502 3292 commune
536 3227 755 3303 consulerent,
783 3230 854 3313 sed)
874 3251 934 3317 pro
963 3251 996 3296 re
1026 3229 1161 3318 quisque
1189 3229 1282 3296 veltet

130 3309 223 3376 dono
252 3312 448 3394 (tamquam
470 3321 560 3380 certa
584 3317 727 3398 sibique)
750 3325 867 3464 parata
895 3336 1016 3402 capere.
1071 3317 1165 3382 Alter
1189 3317 1281 3382 locus

126 3397 205 3462 viil.
229 3397 311 3462 123.
335 3401 575 3466 wirecestriae
591 3407 685 3487 ἑωῦτῷ
707 3405 751 3464 ἔτί
772 3429 820 3464 ero
846 3403 899 3469 eir
913 3405 1023 3484 ψῆφον,
1051 3403 1139 3468 αὑτὸν
1164 3403 1282 3466 ἕκαστος

128 3481 239 3548 δοκέων
255 3483 376 3569 ἄριστος
396 3483 540 3561 «γενέσθαι,
563 3487 607 3552 ad
630 3507 731 3552 imum
753 3507 860 3553 omnes
879 3486 1070 3574 singillatim
1090 3487 1155 3554 tibi
1167 3487 1282 3573 suffra·
1371 3519 1377 3532 ν

124 3569 321 3653 gobontur,
344 3587 416 3634 cum
437 3569 573 3659 quisque
584 3581 730 3723 putaret,
744 3595 779 3638 re
799 3574 903 3659 iprum
921 3575 1001 3658 (non
1026 3575 1143 3660 alium)
1168 3581 1284 3638 ceteros
1320 3657 1327 3670 .

120 3653 338 3740 praemisse
362 3656 488 3722 oinute.
532 3659 583 3724 Ad
606 3657 782 3742 eThuoyd.
809 3662 846 3725 ii.
867 3661 922 3726 35.
968 3659 1106 3737 Mirum,
1129 3661 1217 3743 quod
1231 3661 1282 3724 uir

123 3741 279 3808 doctiss.
298 3739 443 3808 Kuinoel
459 3746 494 3809 in
509 3743 617 3811 Pisch.
640 3743 814 3810 Animadv.
841 3747 882 3811 ad
905 3745 1004 3812 Well.
1022 3745 1082 3811 Gr.
1110 3748 1160 3810 iii.
1189 3748 1223 3811 b.
1245 3765 1281 3829 p.

129 3825 207 3892 184.
241 3828 410 3912 probavit
431 3832 496 3894 ista
524 3830 651 3913 Vigeri.
707 3830 809 3897 Plura
833 3834 986 3918 deinceps
1016 3831 1214 3917 Hoogeveen
1239 3831 1283 3896 ad

123 3911 209 3997 Vig.
228 3915 284 3979 ir.
307 3911 489 3980 lustrum
503 3917 606 3982 locae
623 3915 666 3980 N.
681 3916 720 3983 T.
737 3921 904 3999 inquibus
927 3920 1013 3984 αὐτὸς
1036 3921 1163 3984 videtur
1178 3918 1281 3982 abun·
1411 3961 1413 3966 -

121 4000 223 4078 dare,
250 4020 339 4083 quae
353 4010 391 4066 ut
404 4002 447 4068 sd
474 3999 673 4070 Hebraicam
691 4007 855 4071 rationem
868 4007 1051 4091 composita
1065 4007 1149 4070 nihil
1163 4005 1206 4069 ad
1221 4023 1281 4067 nos

119 4091 332 4170 pertinent.

105 4221 110 4228 .
164 4172 204 4236 2.
228 4172 363 4256 Neque
378 4175 494 4239 inillis
508 4176 588 4241 locis
612 4177 699 4242 αὐτὸς
713 4179 860 4244 otiosum
879 4184 942 4254 est,
957 4180 1013 4243 ubi
1031 4178 1280 4265 pronominibus

117 4260 333 4342 primitivis
342 4263 492 4342 junctum
500 4269 624 4327 veteres
636 4265 864 4340 ἐπιταγματικὸν
872 4266 1054 4350 appellant,
1062 4265 1107 4348 (ν.
1121 4263 1279 4330 Priscian.

117 4345 185 4410 lib.
202 4348 278 4410 xii:
296 4365 339 4430 p.
355 4345 577 4430 447.)111ι1μῖν
601 4354 713 4424 adesis,
727 4356 927 4431 anacahrsis.
974 4350 1062 4416 Nam
1077 4349 1226 4422 inservit,
1242 4354 1281 4412 ut

116 4432 174 4496 ita
197 4433 346 4502 dicam,
370 4434 491 4497 clarius
511 4433 761 4500 demonstrando
787 4439 985 4520 pronomini,
1010 4448 1043 4501 et
1068 4435 1179 4500 altiori
1202 4453 1281 4500 voce

115 4518 352 4586 efferendum
366 4524 429 4592 est,
452 4525 491 4584 ut
513 4517 597 4584 Plat.
621 4518 804 4605 hhrthyphr.
830 4525 895 4588 vol.
910 4525 934 4588 i.
951 4544 983 4608 p.
999 4522 1029 4587 5.
1066 4526 1174 4585 τούτων
1186 4525 1281 4598 αὐτῶν

115 4604 223 4684 ἕνεκα,
242 4603 460 4694 propretor
473 4602 560 4694 ipror
586 4604 683 4691 (quos
697 4609 768 4676 dixi
790 4609 905 4696 deon:
926 4615 961 4674 et
976 4605 1079 4690 Gorg.
1099 4609 1164 4676 rol.
1187 4609 1230 4673 iv.
1247 4626 1281 4693 p.
