3117 5175
290 392 351 484 res
573 393 810 463 onnmnsr
828 393 885 458 rr
901 391 1150 458 rmonnsuo

286 589 319 632 v.
334 567 404 634 615.
441 567 563 634 Editor
576 570 723 649 ὑπέσχετο
735 564 794 629 Τὸν
808 562 881 650 ἄνδρ’
895 563 1034 646 Ἀχαιοῖς
1047 562 1136 627 ,τόνδε
1162 561 1299 628 dw'mu
1322 562 1412 640 ἄγων·

219 653 386 728 19101σιτσ
407 657 461 730 μὲν
475 651 614 729 μάλισθ’,
629 658 747 717 ἑκούσιον
759 652 870 726 λαβὸν,
885 649 923 714 Ei
943 652 989 724 μοὶ
1004 647 1085 713 θέλοι
1096 649 1122 711 δ’
1128 695 1138 724 ,
1152 648 1272 714 ἄκοντα.
1291 651 1411 718 Verum

285 761 327 806 ne
342 743 376 806 in
393 743 446 806 his
459 743 591 824 quidem
606 741 676 804 ulls
690 741 817 822 ellipsis
831 744 894 810 est,
904 738 984 820 quis
996 737 1168 820 optativus
1191 756 1253 820 per
1266 741 1404 805 scindet

283 835 333 892 est
347 830 464 892 slienae
479 829 660 895 sententis.
1222 899 1226 913 ¹

325 910 558 1000 Progredimur
580 915 719 994 denique
737 911 781 976 sd
799 911 930 994 ellipsin
953 911 1194 994 particularum
1215 911 1257 974 ais
1276 919 1311 976 et
1329 915 1402 991 ὅστε,

281 1001 318 1063 in
333 1001 454 1081 quibus
468 1002 532 1065 dici
549 1003 604 1064 vix
619 1006 740 1084 potest,
754 1004 916 1080 quantum
931 1015 952 1060 s
968 1015 1045 1060 vero
1058 999 1122 1062 riri
1138 997 1229 1062 docti
1243 999 1402 1064 aberrare·

281 1086 361 1150 rint.
414 1087 462 1150 Ac
489 1089 597 1170 primo
618 1107 722 1168 quum
749 1085 785 1148 in
807 1083 1053 1166 comparatione
1075 1085 1187 1146 omitti
1216 1091 1336 1168 putant
1357 1085 1404 1159 ὃς,

280 1175 412 1238 tautum
428 1174 535 1246 abest,
550 1181 588 1236 ut
608 1193 649 1237 es
670 1172 834 1255 particule
855 1170 1041 1242 omittetur,
1061 1176 1113 1244 ut,
1137 1170 1198 1234 ubi
1224 1173 1269 1234 iis
1288 1173 1407 1235 ridetur

281 1261 415 1336 omissa,
429 1279 471 1322 ne
493 1258 569 1323 addi
592 1260 726 1340 quidem
746 1257 903 1341 potuerit.
953 1253 1003 1319 Ut
1030 1256 1067 1320 in
1091 1256 1157 1320 isto
1179 1255 1411 1342 Aristophanis

281 1344 365 1418 loct),
401 1343 446 1408 Σὺ
460 1345 487 1406 d'
507 1347 700 1430 Ἀρίστυλλος
724 1346 898 1423 ὑποχάσκων
923 1345 1004 1426 ἐρεῖς,
1020 1362 1085 1407 non
1100 1343 1154 1406 hic
1169 1351 1223 1406 est
1236 1364 1357 1416 setim,
1371 1354 1408 1408 tu

282 1438 445 1518 tamquam
455 1429 630 1518 Aristyllur
639 1482 645 1488 .
654 1429 749 1496 diurn
763 1427 861 1502 dices,
876 1427 932 1492 sed
945 1427 1015 1513 ipre
1034 1427 1107 1501 erm,
1122 1449 1224 1514 quum
1239 1428 1279 1492 id
1295 1429 1415 1517 fua'es

280 1513 461 1602 Aristyllur.
506 1517 574 1592 Sic,
593 1525 713 1602 praeter
734 1515 921 1598 Homerico,
946 1515 983 1580 in
1004 1517 1133 1583 steteris
1149 1535 1285 1596 quoque
1304 1537 1405 1580 exem·

279 1605 357 1686 plis,
372 1605 543 1684 dequibus
554 1605 655 1688 pudet
669 1604 848 1686 quidquam
862 1603 1015 1682 adjicere.
1058 1599 1179 1673 Miror,
1187 1604 1279 1684 quod
1292 1603 1410 1670 Scine·

280 1689 371 1754 fenis
386 1695 420 1753 et
434 1690 488 1778 hic
512 1699 546 1756 et
561 1691 603 1755 ad
618 1689 770 1771 Longum
791 1690 828 1752 in
840 1687 976 1759 talibus,
990 1693 1028 1751 ut
1053 1694 1112 1751 τοῖς
1123 1686 1294 1764 τοξεύμασιν
1304 1694 1413 1774 ἐχεῦν

279 1799 314 1838 τι
330 1778 477 1850 ἀκοντίοις,
488 1778 617 1862 ellipsin
631 1777 815 1841 admiserit.
837 1772 926 1838 Nam
940 1773 1020 1855 quid
1033 1776 1191 1839 omissum
1203 1777 1412 1857 putabimus,

279 1863 307 1924 si
322 1863 437 1926 eadem
452 1883 503 1928 res
517 1865 566 1928 its
579 1865 727 1928 dicatur:
756 1862 797 1924 τὰ
810 1858 978 1936 τοξεύματι
1002 1866 1100 1923 αὐτοῖς
1123 1861 1242 1924 ἀκόντια
1255 1860 1313 1928 in?
1359 1861 1413 1926 An

279 1946 333 2011 hic
346 1967 477 2032 quoque
504 1948 541 2014 tis
567 1953 632 2015 erit
656 1947 931 2030 intelligendum?
961 1944 1103 2010 Credent
1117 1947 1178 2011 lroe
1199 1948 1361 2021 fortusse,
1380 1958 1413 2012 st

278 2035 425 2110 credent,
440 2055 500 2120 per
515 2056 567 2100 me
582 2038 670 2114 licet,
681 2039 739 2116 qui
755 2033 836 2116 φασὶ,
858 2034 909 2108 rel
924 2033 988 2108 ἐμοὶ
1012 2032 1099 2105 δοκεῖ,
1122 2035 1240 2098 msdiae
1264 2037 1411 2100 orationi

278 2119 413 2195 inserts,
429 2142 495 2187 non
510 2131 629 2205 putant
643 2123 708 2186 nisi
723 2122 881 2186 advocato
895 2117 932 2182 sis
945 2128 1035 2184 sture
1050 2139 1158 2202 posse.

321 2205 386 2268 Sed
401 2209 568 2272 videamus
583 2228 669 2272 nunc
694 2207 731 2271 ds
756 2214 790 2270 et
812 2207 885 2268 ὥστε
909 2207 1072 2270 infinitivo
1089 2207 1221 2286 junctu,
1245 2207 1342 2287 quod
1362 2207 1410 2272 its

278 2296 328 2353 est
354 2294 528 2366 usitatum,
555 2301 593 2357 ut
615 2295 799 2357 infinitivus
820 2292 873 2355 his
896 2292 1067 2374 particulis
1087 2311 1202 2356 carens
1228 2312 1275 2356 ex
1297 2314 1409 2359 esrum

234 2417 238 2430 .
278 2374 388 2458 ellipsi
413 2379 555 2460 pendere
580 2380 734 2442 omnibus
755 2379 917 2443 rideatur.
964 2379 1096 2442 Adeone
1121 2398 1198 2444 vero
1213 2379 1333 2444 doctos
1355 2382 1411 2444 lto

278 2463 385 2527 mines
407 2482 473 2527 non
494 2467 667 2545 cogitasse,
690 2465 770 2546 quid
792 2472 941 2545 agerent,
968 2470 1005 2528 nt
1025 2468 1140 2537 etism,
1160 2467 1412 2548 qnaeiaeillims

212 2555 369 2625 192sunt,
392 2568 451 2633 per
476 2551 659 2616 difficiliora
683 2551 850 2635 explicare
872 2556 1090 2618 conarentur?
1126 2549 1215 2616 Nem
1243 2571 1321 2633 quse
1345 2555 1412 2619 lrrsr

278 2637 445 2703 dementia
465 2645 528 2713 est,
545 2639 574 2702 si
596 2637 658 2701 tibi
674 2638 806 2702 difficile
819 2637 985 2711 ridentur,
1000 2641 1138 2703 συνελόντι
1152 2642 1253 2712 εἰπεῖν,
1268 2640 1322 2703 rel
1348 2640 1411 2704 As

270 2720 1413 2895 immittunturinsulsum

277 2914 353 2975 qum
367 2914 426 2958 nec
442 2898 560 2977 magis,
574 2916 675 2979 quarn
689 2896 758 2960 ulls
782 2897 851 2960 alis
863 2896 1039 2978 particula,
1061 2897 1263 2961 infinitivum
1279 2908 1411 2981 regunt

278 2982 403 3065 etipsae
417 2983 497 3064 quid
519 2983 572 3047 hic
587 2984 651 3047 sibi
674 2985 788 3054 velint,
811 3001 832 3046 a
857 2990 891 3045 te
911 2984 1070 3065 explicari
1094 2984 1293 3065 postulent?
1340 2982 1413 3051 Hos

279 3068 404 3132 scilicet
433 3075 540 3133 toturn
570 3076 619 3132 est
646 3070 728 3133 illud
764 3070 916 3153 ellipseos
942 3071 1148 3151 mysterium,
1182 3089 1244 3153 per
1273 3070 1412 3155 ellipsin

165 3212 167 3221 ,
279 3154 404 3219 omissa
417 3154 538 3229 dicere,
552 3176 627 3238 qum
637 3158 717 3220 nlibi
731 3155 811 3218 addi
832 3155 954 3229 videas,
985 3157 1055 3219 sire
1076 3161 1113 3218 tu
1128 3157 1227 3229 seius,
1246 3176 1411 3237 quorsum

278 3240 456 3315 addantur,
470 3242 539 3305 sire
563 3243 700 3329 nescias.
742 3240 970 3321 Ingrediamur
996 3262 1056 3307 nos
1078 3243 1179 3306 ulium
1204 3245 1308 3307 vism-
1353 3245 1413 3308 At-

276 3344 340 3406 que
355 3328 424 3392 haee
438 3328 503 3390 duo
514 3329 589 3409 jure
611 3334 735 3403 nostro,
755 3338 793 3393 ut
817 3335 918 3407 certa,
931 3348 1115 3393 sumemus:
1139 3348 1257 3402 unum,
1272 3331 1416 3395 infiniti·

276 3431 352 3476 rurn
381 3414 416 3475 in
442 3411 558 3477 Graeco
580 3433 730 3479 sermone
755 3434 870 3499 perse
891 3416 1076 3497 significare
1097 3417 1207 3488 finem,
1235 3416 1282 3479 ad
1309 3436 1414 3497 quem

276 3498 357 3579 quid
378 3498 456 3573 tist3
479 3501 749 3583 alterum,neque
770 3501 821 3574 ὣς,
842 3520 947 3581 neque
968 3502 1265 3585 dminfinitirum
1285 3522 1413 3585 regere.

276 3580 352 3647 Jum
366 3604 432 3667 quo
449 3588 626 3665 intelligas,
648 3588 730 3671 quid
752 3586 801 3660 ait,
816 3589 867 3651 vel
883 3588 968 3659 sm,
989 3588 1079 3668 quod
1103 3586 1186 3651 nihil
1201 3593 1254 3652 est
1281 3590 1350 3654 uisi
1371 3601 1410 3655 ut

268 3666 371 3755 sorte,
388 3672 451 3735 sibi
468 3674 559 3749 velit,
583 3675 667 3738 nihil
682 3693 763 3757 opus
792 3679 856 3755 est,
877 3672 943 3735 nisi
969 3679 1008 3737 ut
1030 3674 1222 3739 memineris
1245 3676 1406 3741 similium

275 3756 507 3822 formularum.
567 3756 751 3844 Xenophon
773 3759 879 3823 Ansb.
903 3758 928 3820 i.
952 3758 985 3832 6,
1008 3760 1040 3822 8.
1065 3764 1079 3823 ὁ
1104 3759 1134 3824 δὲ
1155 3764 1336 3846 ἀποκρίναιο,
1357 3764 1401 3823 ὅτι

275 3841 335 3905 οὐδ’
349 3847 372 3907 si
394 3844 573 3919 γενοίμηνμιί
595 3844 685 3931 Κῦρε,
707 3849 749 3908 σοι’
761 3848 790 3920 γ’
806 3842 839 3908 ἂν
860 3845 903 3907 ’ἔτι
917 3850 992 3909 mori
1011 3843 1135 3921 δόξαιμι.
1178 3845 1272 3912 Idem
1285 3844 1402 3931 Cyrop.

169 3932 175 3939 ’
273 3930 369 4007 iv.3,
389 3930 438 3995 15.
474 3936 541 3995 ἀλλ’
558 3932 614 4007 ἐγὼ
626 3935 691 4008 μὲν,
705 3934 772 4013 ἔφη,
787 3932 876 3995 οὕτως
891 3928 1026 4004 ἐπιθυμῶ
1035 3935 1161 3995 ἱππεύειν
1172 3932 1292 4009 μαθεῖν,
1305 3938 1341 3997 ιἰς
1359 3961 1410 3996 so-

272 4016 363 4101 μίζω,
390 4018 423 4087 ἢν
445 4016 547 4083 ἱππεὺς
567 4022 704 4094 γένωμαι,
729 4016 876 4102 ἄνθρωπος
899 4017 1009 4083 omnin
1032 4016 1174 4091 γενέσθαι.
1227 4018 1409 4103 Euripides

273 4098 346 4187 Iph.
360 4104 462 4169 Taur.
483 4104 575 4169 1211.
602 4102 705 4169 Οἶσθα
720 4104 803 4171 riri
827 4123 876 4179 μοι
899 4100 1035 4178 γενέσθω.
1058 4104 1238 4187 Sophocles
1260 4104 1339 4171 OEd.
1361 4104 1412 4169 R.

205 4188 348 4264 193543.
372 4188 464 4254 Oiai·
480 4194 655 4259 ὥςσσσίσσον.
684 4188 873 4272 'AEschylus
888 4189 978 4254 Pers.
1005 4189 1077 4254 187.
1101 4188 1205 4253 Τσὺτω
1231 4196 1330 4257 στάσιν
1350 4196 1410 4255 σίν·

272 4278 310 4339 ὧς
324 4276 499 4351 ἔγῶ’δὸκουν
513 4282 576 4363 ὁρᾷν
590 4276 714 4361 Τεύχειν
730 4281 757 4341 ἐν
772 4278 933 4362 ἀλλήλῃσι,
954 4276 996 4340 de
1010 4296 1078 4359 quit
1097 4278 1253 4352 formula,
1278 4282 1314 4343 in
1337 4299 1412 4361 qua

274 4360 414 4427 breserut
429 4360 578 4440 Reizius,
597 4365 685 4443 (ride
708 4364 750 4427 sd
772 4362 933 4445 Vigerum
954 4382 989 4447 p.
1018 4362 1111 4448 737.)
1131 4366 1226 4429 docte
1247 4368 1411 4431 disseruit

272 4442 463 4512 Erfurdtius
477 4450 520 4513 ad
533 4450 706 4534 Sophoclis
719 4450 835 4531 Antig.
859 4448 934 4520 732.
959 4447 1148 4515 Herodotus
1163 4454 1209 4514 ix.
1222 4450 1276 4517 m.
1296 4450 1410 4519 ἥδεσθε

273 4536 375 4595 τούτου
400 4536 499 4609 εἵνεκα,
523 4540 560 4601 ὡς
588 4540 800 4622 περιεσομένους
822 4537 917 4610 ἡμέας
935 4534 1097 4607 Ἑλλήνων.
1155 4534 1219 4604 Hae
1235 4548 1412 4622 summe-

273 4619 381 4691 liones
417 4641 530 4691 omnes
562 4622 642 4707 quid
677 4624 769 4695 uliud
801 4643 905 4714 quum
937 4623 1078 4700 ducrum
1109 4626 1337 4731 loquutiounm
1363 4627 1411 4695 iu
