3117 5175
283 389 322 458 16
690 411 693 418 ·
735 395 959 460 IS'A‘GOGB.
1045 400 1049 407 “

278 515 451 631 maneum
473 562 606 630 menri.
658 564 715 630 Sic
742 573 777 630 et
804 529 893 650 apud
908 563 1054 630 ·Lstinos
1077 529 1266 633 sevitutem
1292 565 1428 633 mire

279 671 345 716 non
365 659 417 717 est
437 653 632 738 simpliciter
656 650 789 728 servire,
810 651 1281 732 sedseroumerse,aeroitett'r
1301 653 1426 718 condi·

280 737 366 803 tione
379 737 442 802 uti.

272 839 279 858 ¹
322 825 359 908 b)
383 821 462 889 Hmc
476 823 683 907 simplicitas,
704 823 748 908 (si
763 827 903 891 ulterius
918 825 1050 907 -regredi
1062 826 1173 908 placet
1192 824 1237 888 ad
1250 825 1426 908 indagen-

274 910 338 974 des
361 911 495 974 ultimas
509 911 771 993 pleonasmorum
796 914 927 997 causas)
948 913 1044 975 fluxit
1069 913 1140 975 sine
1161 911 1263 975 dubio
1283 933 1305 976 e
1332 931 1424 996 peu·

276 1001 406 1078 pertete
420 997 548 1076 linguae,
570 997 658 1060 unde
675 1000 777 1062 etiam
801 998 920 1062 einim
941 1001 1030 1074 αἰγὸν
1050 995 1091 1062 ΙΙ.
1108 995 1146 1060 Β.
1169 995 1247 1060 474.
1266 1005 1304 1060 et
1329 1001 1421 1060 airi-

277 1093 328 1144 λος
348 1083 436 1156 civeis
457 1079 573 1164 Odyss.
589 1083 631 1148 Ύ.
658 1081 786 1147 173.·et
800 1091 871 1148 σοοῖνν
893 1085 1013 1159 σοβόσνο
1035 1079 1153 1164 Odyss.
1171 1085 1212 1145 Ξ.
1238 1083 1314 1146 101.
1337 1103 1420 1165 qun

278 1183 440 1250 usurpare
456 1167 604 1234 homines
616 1174 884 1255 tumcoepernnt‚
898 1189 974 1234 cum
986 1188 1105 1234 nomen
1118 1169 1249 1250 generis
1264 1169 1417 1234 condem

279 1253 449 1328 haberent,
471 1259 640 1336 coactique
653 1251 760 1320 essent
773 1256 906 1320 nomine
930 1256 990 1320 uti,
1004 1258 1146 1338 speciem
1167 1258 1301 1338 proprie
1325 1256 1415 1318 indi·

279 1345 386 1404 cente.
429 1341 493 1406 Sed
508 1342 661 1428 deinceps
682 1343 806 1407 talibus
827 1342 952 1405 tornis.
966 1343 1070 1406 etiem
1094 1340 1248 1405 delectati
1271 1361 1345 1405 eme
1359 1343 1413 1404 si·
1526 1352 1527 1417 l

151 1427 154 1434 '
279 1425 409 1492 dentur.
454 1427 553 1502 Nam,
578 1430 767 1509 analogiam
791 1429 909 1500 secuti,
930 1448 1006 1492 cum
1028 1427 1212 1491 ceteclrresi
1234 1429 1413 1492 vetemur
1526 1422 1527 1449 ¹

280 1511 433 1578 dicebant
451 1513 639 1600 decuere-ripeta
663 1513 843 1589 sinadensis,-
859 1517 961 1599 νέκταρ
982 1517 1127 1595 οἰνοχοεῖν,
1150 1520 1218 1578 νοῦς
1241 1521 1410 1587 ναυπηγεῖν,

281 1600 443 1683 στρατηγὸς
456 1607 507 1664 τοῦ
520 1600 622 1682 πεζοῦ,
644 1607 679 1666 ei
694 1602 827 1664 similia.
1078 1616 1081 1620 “

323 1686 356 1769 ο)
376 1683 541 1758 Quoniam
566 1687 863 1772 simplicitatis,·in
887 1704 954 1766 qua
979 1686 1054 1769 ipse
1077 1703 1246 1768 pooeemus
1266 1686 1418 1765 semries-

279 1790 365 1844 cere,
389 1791 506 1836 causas
530 1775 632 1836 etiem
658 1793 806 1853 ¹quaerere
829 1774 1001 1855 coepimus,
1029 1772 1065 1834 in
1089 1772 1255 1836 nonnuliis
1278 1773 1415 1842 formis,
1527 1856 1528 1859 Ἴ

279 1875 352 1938 quse
366 1858 408 1921 ad
424 1859 485 1924 hoc
496 1877 599 1940 genus
619 1861 784 1943 pertinere
805 1859 969 1931 videntur,
993 1857 1136 1920 fortasse
1157 1859 1199 1920 cd
1213 1859 1360 1939 primum
1375 1858 1416 1920 il·
1527 1870 1528 1895 ν

279 1942 349 2006 lum
363 1945 553 2009 subtilitatis
567 1945 752 2010 reducimur
773 1945 912 2008 iontem.
954 1941 1007 2007 De
1025 1943 1159 2007 nomine
1181 1945 1278 2016 λόγος
1302 1944 1340 2006 in
1359 1949 1414 2004 λό-

279 2053 339 2101 γοις
363 2033 503 2094 ἐπαινέσαι
525 2029 679 2114 Sophoel.
710 2031 765 2112 Aj.
799 2027 891 2095 1399.
922 2030 1051 2094 dubitt).
1095 2028 1161 2092 Sed
1183 2036 1264 2094 suut
1287 2025 1416 2092 Homo-

279 2113 349 2177 rica
374 2117 480 2180 multa
504 2117 687 2180 manifestae
712 2116 945 2200 simplicitatis,
966 2117 1056 2180 ultre
1078 2133 1179 2195 quam
1205 2114 1292 2178 nihil
1307 2117 1413 2195 queri

279 2199 379 2262 etiam
403 2202 522 2266 debere
543 2203 684 2276 videtur,
708 2210 748 2266 ut
775 2203 847 2265 ἔπεα
868 2200 1031 2286 asperaceler
1054 2207 1095 2268 ,et
1121 2198 1215 2279 μῦθον
1236 2208 1413 2283 προσειπεῖν.

279 2281 503 2350 Veruntamen
527 2287 569 2350 cd
595 2291 716 2352 rectius
730 2289 956 2370 dijudicandas
981 2286 1231 2367 antiquissimas
1253 2287 1412 2366 loquendi

280 2367 405 2434 formas
416 2373 591 2436 tenendum
607 2380 671 2446 est,
694 2374 816 2438 multos
829 2393 943 2453 earum
957 2375 1077 2456 petitas
1094 2391 1199 2436 essee
1218 2373 1292 2435 vite
1306 2373 1413 2436 honri·

278 2473 357 2518 num
384 2477 516 2538 prorsus
540 2459 756 2538 barbarorum
778 2467 814 2523 et
837 2459 930 2524 nulla
954 2459 1172 2525 formatorum
1191 2456 1414 2524 humanitatis

254 2539 479 2625 ‘disciplina;
513 2548 559 2608 ut'
577 2543 651 2619 ὠμὸν
682 2543 836 2627 &sepeliere
865 2543 905 2607 ll.
927 2545 974 2608 Δ.
1004 2545 1059 2607 35.
1080 2543 1168 2625 quod
1192 2545 1236 2608 eb
1263 2541 1416 2611 Homero

277 2628 417 2710 aliisque
432 2628 547 2692 abillo
564 2631 722 2693 mutuatis
748 2647 807 2711 per
820 2629 1014 2708 allegoriam
1035 2630 1174 2699 dictum,
1197 2650 1261 2714 pro
1283 2631 1415 2714 granie-
1528 2637 1529 2652 ¹

277 2710 359 2777 eima
376 2734 493 2801 pugna
517 2712 672 2801 affligere,
697 2716 833 2797 proprio
847 2734 944 2777 sensu
971 2716 1098 2779 factum
1120 2721 1193 2778 eret
1209 2716 1254 2779 ab
1269 2717 1415 2781 homini·
1528 2715 1529 2722 ’

278 2798 350 2873 bus,
375 2820 515 2883 quorum
542 2800 686 2865 nondum
708 2800 922 2865 interciderat
949 2802 1119 2880 memoria,
1140 2800 1191 2863 vel
1216 2821 1303 2881 quos
1328 2805 1414 2867 scie·

278 2885 361 2951 bant
374 2886 476 2951 etiem
492 2894 571 2952 tunc
585 2888 698 2968 vagari
712 2887 748 2951 in
765 2888 863 2951 torris
877 2904 944 2949 non
965 2886 1063 2967 longe
1083 2887 1229 2950 remotis.
1275 2883 1410 2953 Horum

276 2971 391 3037 feritas
405 2976 509 3037 tacita
522 2974 761 3056 significatione
775 2978 967 3055 comparata
991 2992 1066 3037 cum
1087 2973 1232 3037 aliorum
1254 2972 1410 3039 humam-

275 3062 344 3121 tate
365 3060 515 3143 pluribus
539 3060 738 3143 pleonasmis
757 3058 886 3123 videtur
905 3078 1040 3121 causam
1052 3059 1191 3123 dedisse.
1249 3056 1328 3123 Feri
1349 3062 1410 3125 iro-

265 3144 395 3220 ,mincs‚
417 3146 532 3209 laetitia
557 3148 647 3222 elati,
662 3146 860 3209 clamoribus
873 3150 907 3208 et
920 3145 1089 3210 cachinnus
1109 3151 1245 3227 totoque
1265 3166 1409 3229 corpore

274 3230 436 3309 gestiente
449 3233 483 3295 id
497 3232 650 3313 produnt.
695 3230 808 3311 ltaque
830 3230 859 3293 si
883 3234 958 3311 quis
979 3250 1055 3295 vere
1075 3231 1211 3311 gaudet,
1234 3250 1341 3312 neque
1355 3242 1409 3296 ta·

275 3333 350 3378 men
364 3316 431 3379 illis
444 3318 569 3381 laetitiae
584 3318 688 3399 signis
710 3338 785 3382 cum
799 3320 941 3401 strepitu
963 3317 1111 3390 effertur,
1125 3318 1153 3379 is
1171 3318 1297 3381 dicitur
1318 3316 1407 3405 θυμῷ

274 3398 375 3472 endere
394 3422 421 3465 s.
446 3406 530 3484 φέναι
556 3430 611 3485 χαι
630 3431 676 3467 ειν.
722 3400 825 3467 Recte
848 3404 951 3485 igitur
975 3407 1060 3486 φρένα
1082 3405 1223 3483 urgebat
1249 3402 1407 3468 Valerios

275 3482 400 3550 Probus
413 3490 446 3552 in
463 3430 578 3571 &dyss
606 3432 634 3553 s.
659 3489 729 3555 106.
773 3488 851 3553 Vid.
879 3487 964 3553 Gell.
988 3492 1034 3553 ix.
1057 3487 1086 3550 9.
1130 3490 1187 3553 Sic
1208 3494 1245 3553 et
1269 3491 1304 3553 in
1327 3492 1406 3555 aliis

274 3573 377 3636 animi
395 3578 551 3641 commoti
576 3576 679 3657 signis
701 3575 796 3640 effusi
811 3576 963 3639 feruntur
977 3576 1121 3639 barbari.
1166 3575 1211 3638 At
1227 3573 1403 3639 Menelaus

273 3662 352 3733 μέγα
373 3664 561 3745 στοναχίζετο
582 3661 680 3750 θυμῷ,
703 3660 741 3726 ll.
758 3658 803 3725 H.
830 3661 883 3725 95.
909 3660 1032 3733 Nestor
1053 3662 1124 3723 δεῖσε
1147 3662 1228 3725 item
1251 3666 1278 3723 ἐν
1301 3659 1401 3735 θυμω,
1528 3689 1529 3692 ’

274 3741 312 3808 ll.
330 3744 375 3809 Θ.
402 3747 471 3812 138.
516 3746 677 3813 Homines
698 3748 754 3812 isti
778 3751 832 3830 (ac
854 3748 910 3811 vix
935 3747 1096 3830 homines)
1119 3764 1197 3809 voce
1217 3730 1401 3813 inclamant

272 3832 424 3906 alterum,
438 3840 473 3899 et
485 3836 600 3918 paucis
612 3836 713 3905 sonis,
727 3837 848 3915 q'uilms
868 3852 929 3916 pro
944 3835 1060 3915 lingue
1074 3839 1222 3910 utuntur,
1245 3834 1303 3897 rix
1326 3854 1401 3897 sen·

273 3935 330 3980 sus
344 3937 420 3982 suos
435 3922 636 4005 exprimunt.
681 3920 732 3984 Ab
757 3922 810 3985 his
823 3920 964 3983 multum
978 3919 1124 3983 diversos
1148 3919 1312 4000 significet
1331 3918 1402 3983 Ho-

273 4020 394 4079 merus,
418 4008 476 4088 qui
501 4007 679 4089 prudenter
704 4014 740 4073 et
760 4008 853 4092 justa
876 4007 1027 4070 oratione
1053 4026 1129 4071 curn
1153 4006 1258 4068 altero
1282 4014 1397 4087 agunt

275 4084 363 4155 Hinc
377 4096 523 4177 εὕφξονέονν
542 4090 580 4155 ΙΙ.
604 4092 643 4155 Α.
664 4090 717 4157 73.
737 4100 772 4156 ei
793 4096 970 4173 πεπνυμένος
985 4090 1025 4155 Γ.
1050 4090 1125 4156 203.
1171 4088 1308 4154 Barbari
1323 4092 1397 4155 hos·

272 4182 339 4239 tem
367 4178 439 4241 solo
476 4180 616 4242 clamore
650 4180 781 4244 sublato
811 4180 1022 4243 adoriuntur:
1073 4175 1117 4241 Ul
1138 4195 1207 4252 sees
1231 4182 1269 4239 et
1295 4175 1396 4241 Socus

271 4260 417 4328 oratione
431 4265 648 4347 compellant:
676 4262 766 4329 Iliad.
782 4265 823 4329 Λ.
838 4262 913 4329 429.
934 4270 969 4327 et
989 4260 1065 4327 440.
1109 4198 1147 4327 fir
1173 4263 1225 4328 his
1248 4269 1396 4337 ηεηψέ·
1528 4256 1529 4264 '

257 4372 314 4410 νος
334 4352 521 4417 indubium
544 4354 652 4434 potest
676 4353 796 4424 vocari,
814 4352 894 4431 quia
909 4352 943 4413 in
957 4347 1075 4432 Odyss.
1091 4346 1131 4413 Γ.
1148 4350 1289 4431 possim
1310 4356 1394 4412 utet

270 4428 309 4495 ll.
327 4432 367 4498 Γ.
395 4436 463 4501 148.
489 4458 529 4501 eo
553 4456 648 4501 sensu
667 4436 808 4521 pruriens
829 4438 896 4503 dici
922 4436 1060 4508 videtur,
1079 4455 1147 4515 quo
1162 4436 1205 4506 is,
1225 4436 1284 4514 qui
1310 4454 1392 4499 nunc

269 4522 445 4599 prudentia
459 4525 600 4588 excellit.
646 4520 709 4593 Sed
723 4524 883 4597 universe,
907 4530 941 4587 et
967 4522 1113 4586 maxime*
1122 4522 1157 4585 in
1180 4518 1299 4592 Iliade,
1325 4540 1388 4603 per·

255 4604 380 4671 multis
395 4610 430 4673 id
443 4610 614 4687 tribuitur,
638 4611 695 4690 qui
709 4628 774 4677 non
787 4610 969 4694 sapientius
992 4608 1164 4697 loquentes
1185 4608 1388 4701 inducuntur,
