3117 5175
588 450 831 508 uumruss-araorn.
1237 440 1274 507 13

582 608 603 649 ⁸
623 605 825 672 ΑΘΗΝΑΙ.

177 712 215 779 ln
229 712 321 791 ἔστιν,
336 715 423 789 urhe,
443 718 574 801 quando
596 719 744 782 absolute
759 726 794 782 et
823 717 891 781 κατ’
904 714 1010 799 ἐξοχὴν
1022 718 1063 781 ab
1079 720 1272 783 auctoribus

141 805 284 885 ponitur¹
307 806 462 887 inprimis
487 806 658 869 subaudiri
683 808 767 868 solet
794 800 927 871 Ἀθῆναι.
951 808 980 865 ν.
1006 802 1273 889 Etymologicum

143 887 184 951 ld.
206 889 243 951 in
259 910 293 953 ν.
317 890 401 953 ἄστυ.
445 891 680 974 Aristophanes
706 890 793 955 Nub.
813 911 844 953 ν.
859 890 910 955 47.
956 887 1143 955 Herodotus
1164 894 1223 955 lib.
1249 894 1271 956 i.

141 994 206 1057 cap.
225 974 280 1037 62.
299 973 357 1037 Ἐκ
372 974 555 1060 Μαραθῶνος
569 975 640 1043 ἦσαν
655 976 701 1039 ἐπὶ
713 977 745 1038 rh
762 976 835 1038 ἄστυ
851 979 879 1038 ἐς
893 976 987 1039 τωῦτὸ
1003 978 1146 1040 συνιόντες.
1193 975 1284 1042 Cor-1

142 1063 245 1123 aelius
273 1060 360 1143 N'ep.
391 1064 426 1124 ii.
452 1081 526 1145 cap.
541 1062 574 1126 4.
598 1060 643 1125 At
665 1058 797 1135 Xerses,
827 1060 1041 1146 Thermopylis
1067 1082 1084 1124 e
1128 1064 1272 1147 ugustis,

139 1146 431 1231 potinusacceasit
445 1156 528 1212 auu.
551 1170 583 1212 ν.
600 1148 725 1213 Savaro
747 1150 787 1211 ud
804 1148 915 1225 Sidon.
932 1146 1076 1231 Apollin.
1114 1151 1163 1221 ib.
1185 1152 1206 1212 i.
1221 1172 1272 1235 ep.

144 1230 172 1295 b.
194 1232 268 1298 Nec
293 1241 405 1298 tamen
422 1235 690 1309 Athenaeaolum‚
716 1237 772 1297 sed
794 1236 868 1297 aliae
890 1254 1020 1317 quoque
1036 1236 1202 1317 primariae
1226 1258 1274 1303 re-

143 1320 276 1399 gionum
304 1322 405 1384 urbes
429 1340 490 1404 pro
518 1326 692 1385 oontextus
729 1322 860 1383 ratione
890 1321 1092 1401 subintelligi
1120 1332 1271 1405 possunt.

145 1402 196 1469 Sic
224 1406 316 1489 apud
346 1404 483 1471 Latinos
512 1427 641 1489 quoque
675 1409 710 1469 in
738 1404 812 1469 urbs
846 1406 1013 1469 subaudiri
1045 1408 1128 1469 solet
1157 1404 1271 1478 Romo.

144 1488 301 1571 Virgilius
331 1489 401 1555 Ecl.
428 1494 450 1555 i.
467 1491 519 1556 35.
563 1490 710 1578 Pinguis
734 1500 765 1556 et
789 1490 926 1575 ing'rutae
943 1500 1139 1577 prestaretur
1167 1514 1275 1559 caseus

143 1575 223 1640 mhi.
265 1575 421 1641 Tibullus
434 1580 492 1642 lib.
509 1581 532 1642 i.
545 1582 587 1644 el.
604 1582 648 1643 ix.
666 1576 734 1662 61.Ι
770 1575 812 1641 Te
825 1585 917 1641 canet
938 1574 1096 1661 ugra'cotu,
1122 1600 1274 1665 emugnu

142 1682 210 1726 aran
223 1662 346 1727 merit
358 1660 449 1727 urbe.
472 1664 636 1729 Soanas.
676 1664 834 1728 Leontius
849 1662 1069 1727 Scholastieus
1085 1684 1115 1725 ν.
1128 1665 1160 1728 2.
1188 1664 1290 1731 Con!

145 1751 380 1831 stantinopolin
396 1748 471 1813 ἔστι
486 1760 588 1817 voest.
634 1747 789 1817 Ceterum
804 1770 910 1833 neque
931 1752 1012 1813 talia
1033 1752 1119 1814 iuter
1133 1748 1273 1837 Elllpsea

146 1836 323 1899 referenda.
345 1835 500 1901 Souara.
1266 1854 1271 1859 '

452 1956 717 2030 *Aenilinu
738 1954 968 2023 ATHLE'I'A.

190 2064 228 2132 In
249 2072 394 2153 pugilum
419 2072 503 2135 rarii
531 2070 662 2152 generis
682 2070 959 2153 adpellationibus
985 2070 1177 2153 plerumque
1199 2068 1274 2159 sup'-

145 2157 298 2238 piendum
310 2164 382 2221 est:
407 2177 435 2220 e.
449 2177 480 2238 g.
494 2159 528 2221 in
540 2154 696 2241 παράδοξος
706 2157 794 2238 apud
809 2156 987 2221 Arrianum
1010 2155 1096 2221 Dias.
1112 2156 1219 2241 Epict.
1235 2161 1271 2223 ii.

148 2242 199 2314 18,
218 2242 483 2327 χαῖρεμιαςοίδοξε.
527 2239 658 2322 Integre
672 2239 833 2306 Eusebius
859 2239 985 2306 Histor.
1013 2240 1134 2307 Boules.
1153 2245 1223 2307 viii.
1239 2245 1272 2309 7.

113 2390 122 2419 ,
143 2336 198 2389 τοῖν
218 2332 256 2391 ὦς
279 2326 402 2393 α’ληδὸις
414 2326 581 2412 παραδόξων
601 2332 655 2395 τῆς
670 2325 828 2401 θεοσεβείας
842 2326 987 2394 ἀθλητῶν.
1033 2326 1272 2395 Potesttamen
1295 2366 1298 2373 ·

142 2414 240 2477 etiam
268 2416 475 2497 subintelligi
499 2420 628 2486 πύκτης,
657 2414 744 2494 quod
769 2415 902 2489 additur
932 2415 966 2476 in
994 2434 1157 2480 marmore
1185 2418 1274 2499 apud

144 2497 213 2563 Van
242 2498 331 2563 Dale
357 2498 447 2565 Dias.
472 2501 540 2565 viii.
564 2520 597 2582 p.
619 2497 692 2563 649.
715 2504 831 2567 πύκτην
857 2500 989 2563 α’λεινιτδν
1008 2500 1184 2588 παράδοξον
1208 2504 1272 2567 nisi

144 2586 284 2651 fortasse
310 2589 408 2651 malis
431 2590 498 2652 tria
518 2589 587 2661 ,ista
601 2588 736 2650 divisim
765 2589 883 2669 legere.
928 2586 992 2652 Sed
1006 2588 1046 2650 da
1070 2591 1120 2652 his
1140 2589 1274 2670 quidem

142 2675 311 2737 adeundus
339 2681 391 2736 est
415 2675 677 2756 elegantissimus
705 2671 867 2738 Zeibiahii
897 2675 937 2739 de
961 2675 1089 2738 athleta
1118 2673 1273 2761 παραδόξῳ
1360 2681 1363 2690 ¹

143 2759 271 2823 libellus
285 2761 319 2842 p'.
334 2760 390 2823 30.
400 2765 434 2822 et
446 2780 515 2841 seq.
558 2757 661 2831 Idem,
677 2780 795 2823 nomen
811 2757 1069 2823 subaudiendum
1086 2760 1120 2824 in
1133 2759 1272 2843 δρομικὸς,
1287 2779 1289 2784 ·

143 2845 508 2919 ατλαιστιιιὸς,τιιικτιιιδς,
522 2842 984 2929 παγκρατιαστικδς,πένταθλος
1012 2843 1123 2928 [plene
1137 2843 1274 2910 οἷδλητῆς
1319 2887 1323 2892 -

141 2929 305 2994 πένταθλος
320 2932 498 2994 Athenaeus
522 2937 544 2994 t.
560 2933 604 2993 iv.
620 2951 651 3013 p.
679 2931 725 2992 19.
751 2929 920 3013 Sannum]
948 2933 1036 3014 apud
1057 2929 1271 2994 Aristotelem

144 3011 236 3080 Rbet.
261 3018 323 3080 lib.
342 3020 365 3079 i.
381 3037 452 3100 cap.
468 3016 498 3079 5.
520 3037 597 3098 opp.
613 3023 690 3080 torn.
707 3018 743 3078 ii.
760 3037 793 3096 p.
810 3015 882 3080 618.
899 3023 935 3079 ut
951 3021 984 3078 et
998 3019 1031 3080 iu
1055 3013 1274 3098 παραδοξονίκας

146 3105 225 3184 apud
237 3101 456 3166 Plutarchum
473 3105 506 3165 in
522 3099 647 3165 Lucull.
670 3123 704 3184 p.
729 3101 801 3165 521.
817 3103 905 3182 deq.
928 3102 949 3162 l.
964 3102 1036 3164 vide
1061 3103 1177 3163 iterum
1199 3097 1274 3162 Zei-

147 3189 287 3254 biebium
302 3209 336 3272 p.
352 3187 407 3252 35.
421 3188 472 3273 [et
482 3179 658 3252 Ruhnken.
670 3189 705 3251 in
718 3186 803 3250 Bibl.
813 3186 897 3250 Crit.
909 3187 942 3250 ii.
960 3186 984 3248 l.
996 3207 1027 3270 p.
1040 3185 1090 3250 80.
1104 3185 1273 3270 Sensum]

149 3269 249 3338 RS*
486 3356 664 3433 Aaron,
688 3355 944 3426 PRAEMIUM

184 3467 267 3534 ns.
280 3468 539 3553 ,αητιραιοαοοο
554 3465 655 3531 aaut
672 3464 823 3551 xenopn.
849 3445 1056 3551 umorum.
1073 3467 1131 3530 nn.
1149 3466 1182 3528 u.
1198 3485 1272 3547 cap.

146 3555 173 3618 8.
183 3564 302 3640 προεῖπε
313 3556 346 3618 δὲ
368 3554 513 3636 νικητήρια
522 3553 570 3614 καὶ
582 3556 660 3616 ὅλαις
680 3560 744 3616 ταῖς
765 3553 872 3629 τάξεσι.
917 3551 1086 3637 Νικτιτήρια
1101 3549 1195 3624 ἆθλα,
1210 3549 1275 3614 vt'c·

147 3642 230 3706 taru'ae
252 3639 405 3728 praemia,
435 3641 531 3721 plene
557 3640 645 3703 dixit
672 3638 768 3703 Plato
796 3641 836 3704 de
865 3635 1018 3720 Legibus.
1077 3635 1214 3700 Omittit
1241 3645 1275 3700 et

146 3729 312 3811 Aristoph.
325 3725 440 3807 Equit.
454 3745 486 3787 v.
505 3723 595 3788 1250.
1081 3761 1087 3772 ·

185 3816 206 3854 ⁸
218 3811 258 3878 ln
270 3813 398 3896 δεύτερον
413 3811 463 3876 ,νεὶ
483 3809 608 3894 δεύτεροι.
653 3808 809 3876 Moschus
823 3807 870 3872 ld.
886 3810 928 3872 iv.
943 3831 975 3872 v.
996 3807 1138 3882 die-ul
1160 3806 1275 3893 δεύτερα

147 3905 337 4048 eleusippum
352 3917 382 3961 s.
397 3893 489 3958 lbra.
512 3893 612 3958 Plena
626 3902 678 3960 est
697 3897 786 3980 apud
806 3893 1016 3958 Theocritum
1038 3893 1084 3956 Id.
1110 3895 1133 3958 i.
1148 3914 1176 3954 v.
1198 3893 1276 3958 3.-

147 3989 221 4056 μετιὶ
269 3989 324 4046 ἄνα
339 3984 375 4043 τὸ
397 3981 519 4066 δεύτερον
538 3979 628 4044 ἆθλον
649 3986 761 4066 morah.
786 3981 943 4044 Scaurus.
989 3981 1044 4042 Sic
1058 3979 1276 4061 supplendum

149 4067 232 4132 {bau
243 4073 278 4132 in
290 4069 481 4152 Apollonid.
498 4066 627 4148 Smyrn.
643 4068 690 4130 iii.
702 4072 753 4130 οὐκ
763 4065 796 4133 ἦν
808 4065 964 4129 Ἀλκείδεω
975 4073 1058 4130 τοῦτο
1069 4066 1102 4128 τὸ
1113 4065 1277 4128 δωδέκατον.

150 4152 291 4219 Sessar.
1297 4181 1302 4188 ·

396 4295 403 4312 ,
480 4239 500 4279 *
514 4233 943 4309 AIAOIAJUDENDA.

190 4345 267 4414 Hm
281 4369 347 4414 vox
370 4350 463 4412 deest
479 4350 514 4412 in
530 4347 773 4421 διεοιιολυμμένος,
797 4348 867 4410 scil.
885 4347 963 4410 κατὰ
976 4346 1015 4408 τοὶ
1026 4345 1128 4417 αἰδοῖα,
1145 4346 1166 4406 l.
1184 4363 1211 4404 e.
1234 4337 1276 4415 t‘t,

151 4431 414 4514 mireretrum)
437 4432 578 4520 penitus*
588 4440 738 4496 retectum
758 4439 790 4496 et
802 4431 960 4498 nudatum
975 4441 1030 4496 eal.
1074 4429 1112 4493 ln
1127 4435 1278 4513 ἀτοασυρ·

148 4521 229 4588 μένος
247 4523 372 4586 eadem,
390 4539 456 4584 vox
477 4519 704 4584 subaudienda
730 4527 792 4583 est.
819 4519 886 4584 vid.
913 4515 1212 4598 schol-Aristoma
1236 4515 1279 4576 ad

148 4599 243 4686 qudt
256 4627 341 4673 vars.
358 4603 433 4672 960.
449 4613 485 4671 et
498 4606 639 4672 Acharn.
656 4625 685 4669 ν.
714 4603 786 4672 157.
832 4603 973 4690 Heayoh.
997 4605 1032 4668 in
1059 4605 1278 4676 ἐσκολομμένοι,
