3117 5175
536 398 805 453 suos-sunm.
1133 473 1134 476 Ἴ
1197 346 1255 450 161

133 547 179 611 τίνι
194 545 248 632 vaip
262 546 310 611 aui
324 550 445 621 ἔμελλον
460 552 533 615 οὕτω
548 549 693 618 ,κήδεσθαι
716 556 768 616 τοῦ
789 549 960 617 διδασκάλου
974 570 983 627 ;
1007 549 1159 626 Quonam
1169 552 1258 620 enim

135 631 316 719 deleaussa)
335 645 457 704 tautam
470 635 620 724 magistri
632 657 742 702 euram
762 635 908 704 habituri
929 644 1043 705 eraut?
1074 638 1258 724 Suppletur

135 727 231 783 auum
258 741 323 785 vox
344 726 429 798 λόγον
451 727 486 790 iu
510 726 640 789 duobus
662 726 743 789 loeis
766 725 857 790 inira
878 727 920 792 ad
943 727 1187 812 praepositionis
1209 726 1258 791 tal

132 803 259 889 Ellipsiu
272 809 432 875 adductis.
1068 809 1070 814 ’

167 890 219 958 Sia
231 900 267 957 et
279 895 315 956 in
342 897 514 960 σοονσοίσοσι
534 898 624 980 apud
638 894 811 964 Platonem
832 900 873 963 de
888 897 974 983 Rep.
990 900 1028 963 ii.
1052 919 1084 984 p.
1102 899 1173 966 116.
1197 901 1256 966 ubi

131 979 417 1062 unusinlerrogat:
438 981 543 1046 Ἀλλὰ
555 984 614 1053 μὴν
637 987 743 1069 πρώτη
760 1012 796 1061 *γε
819 985 868 1050 nai
881 990 1015 1061 ’μεγίστη
1037 995 1094 1051 τῶν
1114 994 1216 1073 χρειῶν
1236 989 1257 1055 ἦ

131 1069 177 1131 tiu
188 1070 290 1162 'upupis
308 1068 493 1152 παρασκευὴ,
504 1077 555 1133 τοῦ
569 1065 639 1132 εἶναι’
661 1096 693 1133 τε
708 1071 756 1134 καὶ
779 1072 832 1154 ζῇν
848 1072 927 1136 ἕνεκα
942 1093 949 1146 ς
972 1073 1091 1137 Annon
1100 1073 1210 1158 prima
1224 1083 1257 1138 et

130 1170 260 1217 mamma
286 1153 431 1220 muniam
452 1154 672 1221 necessitatum
693 1167 740 1222 est
762 1155 829 1222 eibi
847 1159 1055 1245 praepordtio,
1081 1167 1119 1224 ut
1140 1181 1204 1226 esse
1225 1168 1257 1224 et

130 1236 225 1301 aiom
246 1248 423 1324 queamus?
442 1243 527 1306 alter
555 1242 749 1326 respondet:
787 1243 969 1309 Πονοοίνιοσί
996 1273 1042 1321 νε.
1103 1245 1256 1312 Omnino.

132 1321 190 1387 llic
201 1325 413 1408 intelligenda
426 1348 491 1392 vox
511 1330 618 1404 λίνοις,
638 1333 675 1392 ut
687 1335 761 1395 tota
774 1333 977 1396 constructio
998 1333 1116 1398 similis
1131 1335 1174 1396 sit
1190 1334 1254 1407 illl,

131 1412 152 1472 ἐν
163 1409 246 1473 σοιτί
258 1416 352 1498 λόγῳ,
366 1412 601 1487 omuiratione,
624 1414 658 1478 h.
675 1435 705 1478 e.
721 1415 860 1482 omat'no.
906 1417 1033 1483 Similis
1044 1420 1136 1484 loeus
1151 1427 1200 1485 est
1218 1421 1256 1484 in

130 1495 183 1558 line
194 1500 266 1576 ejus
279 1499 359 1563 libri
375 1520 409 1585 p.
425 1499 497 1565 156.
521 1501 721 1566 sosoma.

50 1615 60 1638 .
131 1582 181 1730 Β*
199 1581 332 1650 Terent.
347 1583 430 1652 Heo.
448 1584 600 1653 Omnium
608 1586 714 1654 modis
723 1586 819 1654 miser
826 1608 908 1654 aum.
920 1592 1094 1656 σοντοίννοσι
1105 1591 1258 1676 δυστυχῶ.

154 1689 257 1734 essu.

300 1771 322 1814 ⁸
336 1770 506 1847 ΛΟΓΟΣ,
528 1770 683 1850 RATIO,
697 1770 785 1840 DIE
796 1771 1064 1844 REGHNUNG.

130 1891 198 2044 slu
213 1896 353 1981 συναίρειν,
368 1893 491 1962 Matth.
505 1899 601 1963 xviii.
625 1897 678 1963 24.
700 1919 778 1965 xxv.
812 1899 863 1966 19.
888 1903 1063 1988 suppletur
1085 1903 1180 1969 xviii.
1196 1901 1252 1969 23.

150 2002 316 2048 csossuo.

335 2071 357 2111 ⁵
371 2067 549 2147 ΛΟΓΧΗ,
564 2067 760 2149 LANOEA,
775 2069 1025 2139 SPIGULUM.

164 2192 199 2259 ln
213 2197 268 2261 illo
281 2196 457 2280 proverbio
471 2195 560 2280 apud
585 2195 741 2261 Suldam:
764 2195 798 2258 st
823 2194 916 2273 ὀξείας
931 2195 1058 2282 δραμεῖν.
1079 2217 1107 2264 s.
1121 2201 1266 2283 λόνχος.

128 2283 206 2364 quod
218 2283 309 2348 delio
319 2284 452 2354 dieitur,
466 2285 524 2364 qui
541 2283 576 2346 in
589 2285 738 2367 periculo
754 2285 1063 2366 aliquovorsantur.
1087 2283 1252 2352 Souwss.

128 2365 193 2433 Vid.
208 2366 349 2455 lenuep.
366 2369 409 2434 ad
424 2367 554 2434 Phalar.
569 2388 600 2453 p.
612 2368 686 2434 267.
698 2370 732 2435 b.
753 2369 908 2436 Sensus

402 2507 424 2548 ¹⁸
439 2503 685 2583 ΛΟΙΔΟΡΙΑ,
701 2505 957 2595 GALUMNIA.

168 2631 396 2732 Aslslopluaues
420 2630 564 2697 Acheru.
589 2632 666 2698 380.
700 2638 817 2698 πλύνειν
841 2638 940 2719 ponit
964 2655 1027 2720 pro
1047 2632 1249 2709 maledicere,

129 2738 177 2784 seu
194 2720 316 2805 probas
336 2739 475 2785 ονσνονσ.
520 2717 627 2784 Deese
651 2727 723 2787 tum
737 2722 871 2787 videtur
886 2720 1044 2807 λοιδορίαις.
1090 2720 1250 2805 Chrysos·
1347 2734 1350 2739 ·

128 2810 223 2871 umus
244 2808 278 2870 id
302 2807 500 2870 vocabulum
525 2805 647 2870 alieubi
670 2807 773 2871 addit.
848 2806 967 2893 [Addit
996 2807 1135 2873 Photius
1167 2806 1250 2871 Bib-

128 2890 295 2977 lioth.oap.
321 2892 377 2966 25,
393 2892 423 2957 7.
468 2892 629 2956 Similiter
653 2892 776 2956 ὀνείδεσιν
798 2894 891 2957 addit
907 2891 1053 2959 Basilius
1076 2891 1123 2956 M.
1150 2890 1249 2975 Orat.

128 2977 243 3043 adius.
255 3002 288 3064 p.
305 2978 359 3044 95.
376 2980 428 3043 ed.
441 2977 537 3043 Grot.
582 2976 658 3043 Vid.
678 2978 785 3061 Toup.
809 2978 944 3045 Emend.
968 2979 1004 3043 in
1028 2978 1121 3042 Suid.
1147 2985 1174 3041 t.
1198 2980 1249 3044 iii.

128 3080 155 3144 p.
178 3065 244 3131 102.
288 3066 382 3131 Koen.
410 3067 453 3131 ad
481 3064 620 3147 Gregor.
645 3085 680 3148 p.
715 3065 786 3130 127.
833 3064 976 3131 Brunok.
1004 3066 1047 3128 ad
1073 3064 1246 3147 Aristoph.

130 3146 245 3219 Plutv.
271 3152 365 3217 1061.
389 3150 878 3236 aupac.v.1971.80nla1e.]
923 3150 1163 3235 Aristophanes
1187 3153 1248 3215 eti-

128 3257 173 3303 am
188 3240 221 3307 in
252 3239 337 3305 Pace
354 3237 427 3303 636.
448 3240 584 3303 verbum
606 3241 683 3301 σείειν
709 3258 770 3322 pro
794 3235 966 3303 caumatis
990 3256 1107 3302 vexare
1129 3239 1247 3319 perel-

128 3324 211 3408 lipsin
224 3328 314 3391 vocis
330 3325 476 3410 λοιδορίαις
487 3326 592 3409 ponit.
616 3323 737 3389 Ls1su.
783 3323 834 3389 De
857 3324 980 3408 ellipsi‚
1004 3324 1163 3387 Leisnero
1178 3342 1247 3387 non

129 3415 284 3476 mensor.
328 3410 394 3475 Sed
409 3414 485 3474 σείειν
500 3418 587 3476 reete
602 3412 713 3476 vertit.
757 3410 1000 3493 Aristophanes
1008 3406 1141 3491 Fragm.
1165 3406 1247 3471 Δοι-

128 3512 185 3561 τσλ.
198 3496 385 3571 η’-Έσειον,
399 3498 485 3582 1ξ’ντννν
498 3499 647 3582 χρήματ’,
661 3499 808 3571 ἠπείλουν,
823 3501 914 3561 πάλιν
925 3494 1164 3577 Ἐσυκοφσίντονν.
1188 3493 1247 3558 ΑΙ-

126 3586 245 3666 tiphron
269 3587 317 3648 iii.
345 3605 399 3666 ep.
424 3584 477 3649 70·
498 3590 549 3647 οὐκ
572 3586 605 3646 ἐκ
627 3582 824 3667 δικαστηρίων,
851 3582 913 3647 οὐδὲ
934 3584 967 3644 ἐν
994 3588 1045 3645 τοῦ
1068 3583 1145 3645 σείειν
1167 3582 1247 3644 κατὰ

126 3672 214 3754 imis
238 3671 349 3733 ἀδίκους
369 3673 517 3734 ἐπινοοῦντι
537 3672 648 3756 πόρους.
690 3670 769 3733 Vid.
784 3668 895 3735 Vtiles.
911 3667 955 3729 ad
976 3664 1096 3731 Euseb.
1114 3665 1245 3731 Histor.
1337 3716 1342 3723 .

126 3750 232 3821 Fooles.
242 3760 300 3821 vii.
316 3754 369 3821 30.
384 3776 417 3842 p.
431 3756 507 3820 360.
521 3755 553 3819 5.
567 3758 618 3821 ed.
634 3756 737 3820 Read.
765 3754 878 3820 Maius
904 3749 1043 3818 Observ.
1067 3754 1161 3819 Saos.
1185 3754 1245 3817 llb.

126 3841 154 3989 isi
175 3863 246 3926 pag.
268 3844 320 3909 75.
339 3861 413 3925 sqq.
455 3842 580 3908 Albert.
607 3841 811 3924 ad‘Hesyeh.
833 3850 913 3907 tom.
935 3840 971 3904 ii.
995 3859 1069 3925 cap.
1092 3838 1187 3917 1163,
1208 3838 1244 3904 5.

148 3948 260 3995 cauas.

557 4038 579 4081 *
597 4037 793 4105 ΛΟΙΠΟΣ.

163 4164 261 4230 Aetate
273 4168 536 4249 subintelligitur
549 4166 637 4251 apud
653 4162 804 4244 Marcum
824 4145 951 4245 Evang.
975 4180 1048 4245 cap.
1063 4177 1096 4223 x.
1120 4156 1173 4222 41.
1196 4156 1246 4221 κοί

127 4252 277 4317 ἀνώσαντες
288 4257 314 4315 oi
326 4252 395 4317 δέκα
406 4253 540 4337 (λοιποί).
565 4251 679 4318 Mlcfl.

409 4394 426 4429 ⁴
442 4382 676 4462 ΛΟΎΤΡΟΝ,
698 4380 940 4450 BALNEUM.
977 4448 980 4453 Α

162 4489 196 4561 lu
205 4500 330 4575 δημόσιον
345 4502 469 4585 passim
485 4501 615 4563 videtur
634 4498 833 4565 subaudiri.'
859 4495 936 4561 Vld.
962 4493 1097 4559 Jacobs.
1110 4491 1154 4558 ad
1170 4489 1244 4559 Ma·

126 4584 240 4651 cadunii
255 4586 369 4672 Epigr.
386 4607 463 4651 xxx.
487 4586 636 4651 Sessss.

915 4692 946 4743 M
