3117 5175
615 375 842 458 rsauocn.
1260 366 1299 446 rt

165 539 235 610 rim
248 543 393 628 elimam
415 543 615 622 tribuamus,
634 544 818 614 rorandum
831 562 924 626 esset
935 561 978 612 ne
999 543 1150 630 putidius
1168 543 1298 627 mado

167 631 382 801 gdqargutias
400 633 476 700 illas
505 632 718 719 prolabamur
738 629 920 706 Eustatbii
948 650 1031 714 auus
1061 631 1299 716 amisarituus

211 804 242 890 ᾗ.
262 803 312 870 15.
329 807 366 892 a)
386 803 538 872 Secundo
550 807 623 874 loco
643 801 1059 891 munusculorum
1078 800 1257 890 anaqam,
1278 824 1299 869 θ
1350 853 1360 866 =

164 906 234 972 quo
246 891 341 958 lanta
360 911 428 960 non
445 891 545 980 pauci
567 891 752 976 plsouasmi
770 897 962 960 manansot.
1005 889 1093 958 Nam
1106 891 1299 974 pdusquam

165 980 308 1062 populos
333 979 463 1045 artibus
489 978 585 1044 bonis
616 977 778 1046 emolitur
808 983 845 1045 et
871 977 1003 1046 dicendi
1024 978 1169 1048 maxime
1192 982 1299 1044 artam

165 1067 312 1130 tractam
324 1064 459 1150 incipit,
472 1064 578 1130 multa
601 1063 637 1137 ln
660 1082 811 1130 sermm
825 1063 964 1136 adhibet
977 1065 1087 1134 miuus
1101 1064 1298 1138 necessaria,

164 1167 244 1232 qua
265 1149 422 1237 deinceps
442 1149 683 1234 elegantiarum
705 1151 1008 1236 bominumpolita
1029 1151 1138 1220 oratio
1160 1151 1300 1234 respuit,

165 1237 251 1302 adeo
270 1243 310 1304 ut
329 1238 360 1304 sl
381 1235 422 1306 aa
441 1255 555 1306 rursm
576 1237 753 1319 abaliquo
779 1236 952 1320 addantur,
981 1238 1177 1306 insolentior
1197 1237 1300 1305 abun·

164 1321 284 1390 dantia
303 1325 452 1409 paullum
466 1322 624 1389 offendat.
666 1321 777 1408 Hujus
797 1326 930 1408 gemmis
948 1330 1002 1393 cst
1021 1332 1050 1392 ὲν
1071 1329 1151 1393 ante
1171 1323 1300 1392 dativus

167 1409 390 1476 instrumenti.
433 1409 629 1478 Notissima
654 1417 735 1476 aunt
755 1411 908 1478 formulae
928 1410 1056 1478 lamias
1076 1409 1225 1488 δωλεύενν,
1244 1412 1301 1480 oi·

167 1505 259 1569 aanor
285 1501 439 1573 πολεμεῖν,
460 1504 495 1562 ct
523 1496 662 1572 similes,
691 1517 834 1581 quarum
864 1500 1046 1582 permultas
1065 1503 1327 1580 congesserunt·

166 1577 361 1648 Rittersbus
383 1584 426 1648 ad
446 1580 477 1647 Ο
500 1585 594 1666 pioni
618 1579 766 1651 Halieut.
781 1586 826 1650 ir.
846 1583 923 1650 263.
944 1583 1056 1651 Vorst.
1072 1583 1193 1650 Philol.
1208 1582 1246 1648 S.
1261 1583 1299 1650 ii.

164 1666 221 1731 35.
253 1665 391 1746 Flsclrar
414 1668 458 1734 ad
525 1669 580 1734 all.
594 1667 656 1734 Gr.
670 1671 722 1735 iii.
749 1689 779 1742 a,
803 1690 836 1755 p.
855 1669 933 1739 422.
954 1677 992 1738 at
1005 1672 1073 1736 alii.
1117 1669 1302 1745 Manifesta

164 1753 205 1816 in
217 1754 284 1819 ,bis
303 1756 405 1821 etiam
425 1759 476 1821 cst
495 1756 692 1844 simplicitas
713 1759 883 1839 antiquam
904 1758 1053 1824 redoleas
1069 1764 1216 1832 aetatem,
1236 1775 1302 1837 qua

165 1835 322 1906 homines
336 1861 397 1906 nec
409 1841 546 1906 auribus
567 1863 628 1907 nec
642 1849 751 1908 menta
766 1847 848 1910 satis
861 1850 957 1910 acute
969 1845 1168 1920 sentiebant.
1211 1840 1301 1910 Nam

164 1943 266 1990 aurea
296 1927 434 1994 cruditas
454 1929 645 1994 vadentem
673 1949 831 1996 sonorum
859 1931 896 1996 in
914 1951 1066 1998 sermone
1092 1934 1246 2016 poscunt,
1267 1933 1302 1992 tt

33 2069 34 2072 ,
165 2012 320 2094 priorum
333 2015 532 2098 syllabarum
552 2017 747 2085 iterationes
767 2024 948 2100 respuunt:
970 2019 1102 2085 animus
1123 2019 1205 2082 item
1225 2031 1302 2080 cum

164 2116 219 2161 ras
234 2099 366 2164 medam
382 2101 551 2183 subjiciat,
566 2107 679 2170 tamen
693 2123 713 2167 e
726 2103 866 2169 diversis
879 2103 1030 2188 partibus
1051 2125 1110 2169 eas
1123 2103 1300 2187 adspicere,

167 2186 265 2264 quasi
287 2190 415 2252 mutato
434 2207 551 2252 earum
572 2190 652 2263 situ,
684 2190 788 2273 cupit.
830 2188 946 2271 Itaque
977 2192 1014 2254 in
1040 2190 1169 2256 actione
1187 2189 1316 2282 aliqua·

167 2271 381 2354 exprimenda
404 2275 540 2338 uerbum
563 2277 691 2341 nomini
713 2275 937 2358 adjungimus,
967 2277 1058 2358 quod
1077 2295 1224 2349 canaam,
1252 2273 1301 2337 et-

165 2355 303 2432 fecum,
317 2359 507 2442 adjunctum
521 2363 656 2446 proprie
668 2362 844 2443 significet,
861 2381 926 2426 non
942 2362 1050 2446 ipsam
1063 2364 1228 2429 actionem
1242 2379 1301 2424 no-

168 2444 259 2507 mine
279 2444 518 2527 significatum:
543 2453 590 2522 et,
613 2449 641 2512 si
663 2447 698 2511 id
725 2448 896 2512 commode
916 2449 985 2512 fleri
1007 2452 1136 2530 nequit,
1164 2448 1300 2515 uerbum

164 2533 253 2596 cene
274 2533 400 2597 nomini
424 2532 620 2597 adhibemus
643 2551 709 2596 non
727 2538 921 2613 cognatum,
943 2534 1001 2597 sed
1022 2536 1064 2597 ab
1085 2535 1152 2597 alia
1172 2531 1302 2614 origine
1347 2540 1350 2547 ’

163 2616 313 2683 ductum.
357 2618 424 2684 ssd
447 2618 508 2680 illa
521 2618 719 2700 simplicitas
737 2619 958 2681 conveniebat
980 2618 1222 2698 antiquissimis
1243 2616 1302 2681 Ju-

165 2702 313 2770 doeorum
337 2704 553 2787 scriptoribus
575 2704 778 2784 aliorumque
802 2705 942 2768 orientis
962 2704 1171 2786 populorum,
1193 2704 1300 2786 aqui-

164 2790 230 2855 bus
252 2792 312 2855 illa
334 2790 484 2854 manarit
497 2788 540 2851 ad
554 2788 700 2852 Grecos.
746 2786 824 2852 Non
844 2808 960 2853 omnes
981 2795 1094 2854 autam
1115 2788 1301 2853 istiusmodi

163 2876 319 2941 formulas
339 2878 508 2961 pertinent
528 2874 571 2938 ad
597 2876 787 2939 institutum
808 2882 968 2957 namnam,
989 2876 1133 2939 sedilia
1155 2881 1311 2950 tantum„

165 2964 227 3027 ubi
250 2962 494 3028 substantivum
509 2960 659 3026 absolute
673 2961 819 3044 ponitur.
862 2959 952 3025 Nam
978 2968 1066 3027 recte
1089 2961 1244 3027 Sanctius
1265 2962 1326 3026 ini

167 3044 323 3117 Minerva
336 3069 370 3133 p.
381 3045 457 3112 819.
481 3057 505 3089 “
521 3046 633 3112 Julius
646 3044 857 3113 Ruffinianua
879 3049 995 3114 rbetor
1038 3047 1233 3115 Ieoaccmum
1246 3040 1313 3112 ro)

166 3144 194 3177 ‘¹
209 3142 277 3209 cat,
298 3132 526 3208 oioereor'tarru
536 3150 843 3221 puganrapugnnm
866 3180 875 3197 .
901 3180 910 3197 .
935 3181 945 3197 .
969 3182 979 3199 .
1031 3136 1066 3199 ul
1081 3135 1301 3199 sacileassan-

164 3230 195 3263 “
212 3222 287 3303 tior,
309 3220 388 3285 dum
409 3240 453 3284 ne
471 3220 596 3293 credat,
619 3222 847 3305 pleonasmum
867 3240 950 3296 esse,
969 3221 1104 3307 longam
1127 3218 1229 3285 ritum
1251 3219 1300 3285 oa'-

165 3316 193 3349 “
208 3328 292 3383 vere,
315 3314 351 3372 et
365 3304 566 3394 tuncflucra
578 3305 762 3394 surorem.''
805 3304 858 3371 Ita
881 3306 982 3374 Hom.
1010 3306 1050 3372 ΙΙ.
1064 3306 1092 3371 1.
1108 3305 1162 3371 74.
1183 3310 1301 3393 aglom

163 3394 277 3468 βουλὴν
290 3396 433 3477 βουλεύσῃ
448 3412 514 3458 non
538 3400 589 3457 est
609 3396 831 3477 pleonasmus,
853 3414 913 3459 nec
938 3393 1039 3460 Mati.
1056 3397 1091 3458 ii.
1111 3392 1161 3457 10.
1181 3394 1302 3457 silicet
1324 3407 1327 3413 ·

168 3481 360 3562 analogiam
385 3480 490 3561 sequi,
515 3480 662 3565 ἐχάρησαν
683 3480 781 3565 χαρὰν
801 3482 935 3555 μεγάλην
957 3482 1074 3565 σφόδρα,
1097 3500 1158 3545 nec
1176 3481 1302 3543 similia

167 3562 323 3649 Xenoph.
356 3566 397 3629 de
427 3564 512 3648 Rep.
534 3562 610 3629 ath.
632 3567 657 3629 i.
679 3566 713 3630 3.
734 3572 768 3631 et
788 3566 959 3649 Aristopb.
985 3565 1088 3651 Vesp.
1118 3564 1194 3629 617.
1236 3565 1303 3630 Sed

167 3672 269 3717 rems
290 3653 347 3717 ille
372 3655 423 3716 est
442 3650 538 3716 iliad.
570 3648 615 3715 K.
642 3650 714 3715 147.
733 3653 843 3726 βουλὰς
867 3656 1025 3726 βουλεύεαι
1057 3672 1133 3719 nam
1156 3653 1302 3735 simplici

165 3738 272 3803 serbo
292 3744 393 3823 poeta
411 3738 550 3821 defungi
571 3743 716 3820 poterat,
737 3740 818 3821 quia
839 3758 959 3803 nornen
981 3740 1091 3813 βουλὰς
1112 3758 1178 3803 non
1203 3739 1304 3805 babet

170 3824 381 3907 adJectivum,
403 3842 465 3890 nec
489 3824 531 3889 ad
552 3824 642 3891 aliud
660 3824 743 3909 aprid
765 3825 919 3898 relartm,
938 3832 1099 3908 aequente
1119 3848 1152 3891 ν.
1166 3848 1195 3890 c.
1219 3828 1303 3890 rela-

165 3912 255 3983 tivo,
278 3910 323 3989 ἃς,
343 3910 392 3975 als
405 3917 470 3976 etc.
514 3908 686 3991 Significat
699 3917 811 3975 autem
826 3912 903 3975 talis
917 3912 1139 3994 pleonasmus,
1162 3911 1305 3998 aliquem

167 3995 315 4061 studiose
328 4006 359 4061 el
379 3996 484 4071 unice,
502 3994 558 4061 vel
577 4016 638 4082 pro
662 3996 737 4061 vitea
755 4006 790 4061 et
814 3996 955 4062 macria
967 3997 1104 4075 ratim,
1124 3997 1163 4062 is
1175 3996 1303 4085 facere,

170 4082 259 4169 pund
275 4083 315 4147 a'rr
338 4082 428 4147 mbo
448 4082 546 4162 snus,
563 4090 605 4147 ut
625 4104 657 4149 e.
682 4102 717 4165 g.
739 4086 880 4168 γεωργίας
899 4092 1031 4173 γεωργεῖν
1052 4083 1204 4171 Xenopb.
1227 4082 1303 4148 OEc.
1436 4126 1439 4131 -

167 4170 223 4234 iii.
245 4168 277 4233 5.
299 4168 388 4233 idem
409 4189 482 4234 esse
497 4158 661 4244 iidectur,
682 4172 771 4251 quod
792 4171 935 4253 simplex
954 4177 1088 4257 γεωργεῖν
1106 4173 1173 4235 xiv.
1187 4162 1220 4236 2ss
1245 4170 1305 4234 sed

168 4253 256 4319 illud
277 4257 371 4339 prius
393 4256 574 4321 clarissime
588 4262 623 4320 et
638 4256 708 4319 sine
722 4258 792 4322 ulla
814 4256 1032 4339 ambiguitate
1049 4256 1214 4339 significet
1228 4264 1305 4321 um·

162 4358 235 4429 prus
254 4361 346 4406 osam
359 4341 397 4405 t'rr
418 4340 619 4427 agricultura
639 4340 803 4409 collocare.
846 4340 970 4409 Eodem
984 4344 1082 4410 modo
1095 4344 1232 4407 interae
1248 4344 1304 4407 lra-

169 4428 254 4492 bern
275 4431 428 4513 δἠσρεόειν,
457 4435 504 4501 el,
526 4428 614 4509 quod
636 4426 730 4493 Iliad.
758 4428 796 4493 B.
830 4428 905 4495 788.
932 4431 1086 4503 sotumi,
1107 4428 1212 4514 ἀγορὰς
1236 4434 1304 4506 o’tro-

169 4517 268 4599 psrisrr.
309 4512 368 4578 Sic
388 4510 476 4578 Plat.
492 4510 596 4597 Gorg.
619 4514 745 4600 νο11ν.
766 4514 871 4601 ΜΟ.
894 4515 961 4581 τοὺς
981 4517 1112 4580 {vairans
1130 4518 1250 4582 ἐπαινεῖν
1270 4524 1305 4581 et

164 4596 241 4668 »rob
254 4602 367 4679 ψόγους
387 4600 488 4678 thura
499 4607 552 4671 ast
574 4598 718 4671 studiose
736 4600 821 4672 alios
839 4601 988 4681 laudare,
1007 4608 1045 4670 et
1068 4599 1108 4671 ia
1116 4600 1307 4691 aliiarepre-
