3117 5175
276 376 385 479 mvi
518 412 735 477 rnmrnrro
754 410 949 475 norroms
969 410 1186 476 umorem.

738 596 767 679 s.
790 590 912 659 xxm.

317 714 445 783 indices
468 720 566 801 hujus
589 716 666 780 libri
690 721 770 789 tres,
792 716 849 797 qui
876 715 1100 800 superioribus
1113 714 1313 781 editionibus
1331 717 1403 799 jnm

276 804 425 880 aderant,
447 805 652 868 retinuimus.
708 800 855 867 Primum
884 800 1027 866 iocorum
1051 802 1259 876 biblicomm,
1295 808 1329 871 et
1353 825 1403 871 se-

273 892 418 955 cundum
432 896 603 955 suctomm
619 890 809 963 citatorum,
830 886 1082 969 schoettgenius‘
1100 888 1180 951 olim
1205 894 1403 974 composuit,

275 982 309 1041 et
323 977 459 1043 editioni
473 977 579 1040 tertiae
592 978 718 1060 primus
738 973 871 1055 adjecit.
914 970 1062 1038 Tertium
1080 994 1158 1039 vero
1172 976 1403 1059 loquutionum

275 1063 495 1147 eilipticmum
520 1063 592 1145 ipse
616 1061 692 1125 iibri
719 1066 834 1125 auctor
859 1056 979 1124 Bosius
999 1062 1217 1137 concinnavit,
1240 1067 1274 1126 et
1292 1081 1335 1127 ex
1354 1084 1405 1129 se·

268 1149 382 1236 'cundo
404 1148 550 1213 editione
564 1152 723 1211 retentus
745 1152 816 1210 ost:
841 1163 923 1227 quos
944 1146 1076 1227 quidem
1100 1166 1214 1211 omnes
1235 1148 1403 1230 augendos

275 1234 397 1298 debitis
421 1235 503 1303 locis
526 1238 561 1299 et
582 1233 625 1297 od
650 1251 768 1297 norem
800 1233 884 1297 hanc
912 1232 1090 1301 editionem
1114 1234 1402 1311 aoeommodsndoo

271 1322 469 1387 curavimus.

748 1443 777 1527 s.
800 1438 918 1509 mu.

318 1580 413 1655 Quod
436 1581 603 1662 reliquum
627 1585 690 1653 est,
711 1596 865 1660 rogamus
889 1574 1041 1645 tectores
1055 1580 1242 1655 benevolos,
1263 1586 1302 1647 ut
1316 1582 1403 1665 sequi

274 1668 419 1747 bonique
442 1667 614 1730 consulunt
632 1666 777 1730 studium
791 1669 992 1751 conatusque
1014 1672 1153 1731 nostros.
1198 1667 1320 1742 Quodsi
1337 1690 1403 1737 uno

274 1755 419 1817 alterove
445 1754 518 1817 ioco
544 1752 672 1835 aliquid
697 1751 832 1815 humaui
865 1754 955 1833 pessi
984 1751 1156 1829 fuerimus,
1191 1762 1403 1839 occurrstque

274 1839 362 1903 torte
382 1838 615 1903 oculatioribus
640 1838 728 1919 quod
752 1843 898 1901 nostram
933 1836 1086 1920 effugerit
1110 1844 1346 1915 attentionem
1369 1840 1403 1905 id

275 1930 315 1989 ut
337 1924 381 1987 sb
407 1925 488 2007 ipsis
515 1923 670 1987 benevole
695 1922 886 1988 emendetur
913 1942 1078 2005 rogemus.
1122 1924 1222 1991 Faxo
1237 1926 1341 2002 Deus,
1363 1934 1402 1993 ut

275 2010 369 2075 labor
393 2012 470 2075 huic
491 2009 577 2086 libro
596 2012 763 2093 impensus
777 2009 938 2074 conducet
952 2010 1076 2092 aliquid
1096 2011 1138 2074 ad
1163 2014 1302 2079 ulterius
1326 2032 1402 2097 pro·

275 2095 469 2160 movendam
496 2096 720 2177 oognitionem
746 2100 869 2159 certam
894 2102 928 2161 et
952 2097 1114 2161 salubrem
1136 2097 1306 2163 divinioris
1327 2100 1402 2165 doo-

274 2184 384 2261 trinoe,
406 2201 480 2268 qum
502 2184 693 2265 plenissime
718 2180 977 2261 lucidissimeque
1006 2183 1040 2245 in
1068 2184 1191 2248 tabuiis
1214 2182 1300 2249 Novi
1328 2183 1403 2251 Foe·

276 2268 365 2332 deris
391 2270 588 2343 continetur,
609 2276 645 2333 et
670 2271 763 2350 cujus
793 2269 926 2331 nucleus
953 2274 1005 2331 est
1032 2270 1258 2335 testimonium
1272 2270 1314 2334 de
1328 2269 1403 2335 Ser-

276 2360 388 2418 rstore
424 2362 537 2419 nostro
570 2353 652 2419 Jesu
675 2350 821 2428 Christo,
852 2350 913 2418 Dei
947 2350 1045 2429 Filio,
1063 2357 1119 2439 qui
1142 2356 1401 2439 perfectissimus

276 2446 329 2505 est
349 2441 558 2524 optimusque
578 2442 756 2505 uoluntatis
776 2444 812 2504 et
832 2440 1004 2503 verbomm
1026 2439 1089 2505 Dei
1111 2443 1282 2525 interpres,
1304 2446 1399 2525 cujus

276 2528 392 2609 grstiae
417 2524 456 2591 L.
483 2524 519 2592 B.
543 2528 646 2593 etiem
665 2534 767 2610 utque
789 2526 888 2592 etism
915 2546 990 2592 cum
1012 2529 1165 2593 universe
1195 2530 1300 2614 ipsius
1321 2530 1400 2594 eivi-

245 2699 250 2708 ‘
275 2619 346 2678 tote
364 2615 642 2680 commendemus.
687 2611 783 2681 Hsiae
808 2611 1215 2696 momenmentum
1247 2616 1288 2682 Α.
1305 2613 1347 2681 R.
1363 2615 1397 2680 S.

276 2717 449 2766 uooonxr.
984 2703 994 2719 ‘
