3117 5175
304 396 367 463 llo
553 397 793 463 sunonsssss
814 394 1186 461 consonosiortum.
1540 446 1541 501 1

305 570 415 635 minus
438 574 603 649 securata,
623 573 830 654 praeponant.
884 565 1031 635 lucain
1054 564 1204 649 Xenoph.
1230 558 1309 630 lnd.
1336 558 1398 627 sub
1421 560 1441 621 εἰ
1540 646 1541 655 ¹

305 658 498 723 monstravi.
543 654 681 722 Frustra
694 654 845 740 Syiburg.
861 659 933 722 vuit
946 656 981 720 ὧν
996 654 1031 723 νίν
1045 680 1087 719 τις
1102 654 1195 727 λόγος.
1321 650 1325 669 ’

855 792 901 859 Η.

347 916 545 998 Tangendus
566 923 600 981 et
624 919 721 1001 hujus
734 918 907 1003 panicole
930 919 1150 1001 pleonasmus.
1195 910 1378 995 Gregorius
1401 908 1441 973 rie

306 1000 467 1079 dialectis,
488 1003 558 1069 Ait.
571 1004 601 1089 ξ.
614 1004 668 1068 38.
689 1003 733 1068 Τὸ
755 1004 775 1073 i
797 1009 937 1091 παρέλκει
957 1004 1103 1067 πολλάκις
1122 1000 1206 1085 παρὰ
1220 996 1384 1071 Ἀττικοῖς,
1405 1000 1442 1059 ὥς
1540 1002 1541 1094 i

306 1092 335 1152 ἐν
349 1096 390 1175 τῇ
404 1089 491 1176 ὀγδόῃ
506 1088 684 1155 Θουκυδίδου
706 1090 749 1172 (c.
763 1089 830 1176 94.)
847 1093 1020 1177 Ιειίρίσιιευαι·
1046 1098 1068 1127 “
1085 1092 1122 1151 ὣς
1146 1094 1199 1151 τοῦ
1213 1084 1286 1147 ίδίου
1309 1084 1443 1157 πολέμου

307 1184 331 1215 “
347 1176 485 1257 μείζονος,
499 1174 520 1245 δ
534 1178 593 1240 ἀπὸ
604 1187 659 1241 τοῖιν
668 1181 830 1253 πολεμίων,
839 1182 899 1259 οὐχ
910 1177 989 1250 ieris,
1000 1175 1082 1239 οίλλοὶ
1091 1174 1166 1261 orote
1176 1180 1218 1259 τῷ
1230 1174 1326 1244 λιμένι
1333 1168 1445 1235 ίοιτος·”

219 1319 223 1328 ,
306 1262 438 1327 οἶιτίαοίί
452 1262 665 1336 ίδίουάολέμου
678 1265 803 1347 μείζονος
816 1264 874 1327 ἀπὸ
887 1270 944 1327 τῶν
956 1264 1116 1333 πολεμίων.
1141 1258 1293 1324 Firmato
1307 1258 1371 1321 hoc
1378 1262 1445 1318 siu-

306 1349 365 1413 det
379 1347 527 1413 Koiinius
540 1352 621 1413 loeis
634 1346 967 1435 XenophontisHist.
982 1347 1043 1414 Gr.
1060 1349 1095 1411 ii.
1114 1346 1142 1424 l,
1158 1346 1190 1409 8.
1216 1350 1252 1408 et
1267 1344 1315 1407 iii.
1329 1342 1362 1415 2,
1390 1338 1442 1405 19.

307 1432 375 1497 Sed
390 1436 425 1497 hi
439 1436 545 1499 dubii.
590 1435 681 1501 Nam
695 1438 730 1502 iu
743 1437 847 1522 priori
864 1456 925 1519 pro
939 1435 1036 1519 χειρὸς
1057 1436 1123 1515 legi
1150 1435 1264 1517 potest
1279 1433 1381 1513 χειρίιε
1407 1432 1443 1489 et

308 1521 346 1583 iu
360 1523 535 1604 posteriori
550 1522 619 1605 (oui
634 1526 754 1589 similis
765 1536 817 1587 est
835 1525 925 1587 loeus
937 1520 1080 1603 Thucyd.
1105 1522 1141 1585 ii.
1166 1518 1214 1581 13.
1231 1517 1329 1598 med.)
1350 1515 1442 1597 geni·

307 1607 399 1671 uvae
414 1607 529 1671 σταδίου
539 1610 684 1692 pendero
697 1612 830 1675 ridetur
846 1612 983 1683 αλίμννι,
1006 1606 1094 1690 quod
1119 1606 1290 1685 inteiligas
1312 1600 1370 1665 atsi
1390 1626 1446 1661 ια-

269 1739 273 1752 .
308 1697 388 1757 νῶτ’
408 1692 525 1777 Neque
548 1698 690 1761 oertiora
714 1704 793 1761 sunt
816 1698 902 1769 loca,
932 1713 1004 1775 quas
1032 1694 1142 1761 addim
1176 1688 1285 1771 Lysiae
1315 1708 1351 1771 p.
1370 1686 1446 1751 470.

308 1784 399 1844 πλέον
411 1780 432 1848 t
445 1782 630 1849 πενουίνιοντα
644 1786 793 1848 ταλάντων
815 1782 952 1864 (dequo
974 1781 1079 1843 inuita
1103 1780 1275 1860 disputare
1292 1795 1361 1837 non
1376 1775 1450 1837 atti·

309 1868 396 1951 net),
418 1872 454 1930 et
468 1866 613 1951 AEschyii
633 1865 750 1952 suppl.
767 1867 840 1933 520.
863 1867 952 1930 ’ᾹλλΙ
969 1866 988 1935 ἦ
1004 1866 1159 1950 δρακόντων
1174 1862 1333 1946 δυσφρόνων
1350 1858 1450 1941 {xiia

310 1973 370 2015 ru:
394 1952 453 2018 ubi
468 1953 488 2021 a
503 1961 555 2018 est
574 1974 616 2019 ex
637 1956 866 2020 emendatione
881 1975 941 2038 pro
956 1954 1044 2034 vulg.
1061 1956 1096 2025 εἰ,
1117 1958 1151 2017 et
1166 1950 1330 2014 hactenus
1344 1948 1449 2010 minua

309 2045 437 2103 sertam
452 2040 554 2103 habet
568 2043 814 2109 auctoritatem.
835 2049 869 2106 et
891 2046 1004 2124 potest
1025 2040 1128 2102 etiam
1151 2035 1332 2118 gravitatis
1355 2052 1450 2097 causa

306 2125 461 2206 junctum
474 2129 546 2190 esse
559 2145 636 2191 eum
657 2130 749 2191 ἄλλο’.
793 2126 858 2191 Sed
883 2127 966 2191 nihii
980 2124 1197 2188 dubitationis
1219 2121 1343 2184 afferre
1365 2120 1450 2183 ride·

308 2217 366 2274 tur
379 2230 494 2275 versus
507 2209 677 2277 Theocriti
692 2232 750 2277 xx.
764 2213 819 2277 27.
830 2210 936 2299 ’Έῤῥεέ
958 2236 1007 2285 μοι
1030 2210 1109 2291 φανὰ
1130 2211 1335 2292 γλυκερυτίρα
1356 2206 1374 2273 i
1396 2232 1448 2279 με·

308 2298 431 2380 maipa.
473 2293 592 2380 Itaque
605 2300 632 2363 si
647 2300 729 2380 quid
750 2300 901 2381 judicare
916 2300 1006 2370 iicet,
1021 2315 1084 2377 ego
1103 2297 1171 2359 vim
1186 2296 1266 2358 huie
1281 2293 1449 2377 particulae

296 2381 457 2459 ‚sunnam
469 2383 652 2459 minuendi,
675 2391 713 2449 ut
726 2384 828 2449 neeiiis
842 2406 871 2448 e.
887 2408 922 2469 g.
938 2385 1074 2449 duinedo
1096 2385 1169 2465 ejus
1191 2400 1255 2464 ope
1270 2380 1374 2461 magis
1388 2381 1451 2442 im·

308 2466 442 2532 minuta
454 2467 735 2551 videatur,quam
750 2472 778 2535 si
795 2472 884 2536 solus
906 2472 1074 2553 genitivus
1088 2470 1235 2551 μελικνίροι
1250 2468 1382 2550 positus
1397 2466 1453 2535 sii,

309 2553 494 2619 sedtamn
507 2556 736 2622 eadumtaxst
750 2560 893 2631 ratione,
916 2576 985 2642 qua
1009 2565 1051 2642 τῷ
1073 2560 1189 2630 μᾶλλον
1213 2552 1452 2638 comparativis

304 2640 424 2734 jussio
436 2643 505 2706 sim
520 2644 665 2724 augendi
679 2645 794 2708 tribui.
808 2643 884 2709 Vid.
898 2645 931 2708 h.
944 2666 971 2710 v.

616 2777 701 2842 INA
726 2778 903 2861 (simulque
917 2775 997 2842 ΟΤΙ
1015 2785 1050 2843 et
1063 2777 1151 2863 ΩΣ).

355 2906 395 2972 In
407 2908 613 2990 pieonasmis
626 2905 708 2970 INA
722 2925 811 2989 pono
830 2913 966 2991 propter
979 2909 1023 2972 'ira
1039 2911 1071 2970 τί
1086 2957 1096 2972 .
1112 2955 1120 2971 .
1140 2955 1147 2972 .
1166 2911 1180 2970 i
1212 2905 1301 2973 Nam
1317 2908 1394 2972 sine
1407 2927 1459 2970 so·

309 2996 464 3059 ioeeismo
487 2995 552 3057 diei
577 3013 688 3077 perse
704 3012 873 3075 nunquam
896 2995 1005 3075 potuit
1019 2995 1063 3056 ἵνα
1084 3001 1149 3078 'pro
1164 2994 1222 3066 διὰ,
1247 3011 1354 3073 neque
1382 3015 1459 3058 oon·

228 3071 237 3085 ‘
313 3083 399 3146 strui
412 3079 703 3153 eum'aeousativo,
726 3086 764 3143 ut
785 3080 830 3142 ira
855 3081 886 3142 τί
908 3087 991 3146 esset
1016 3077 1263 3165 propterquam?
1284 3079 1458 3144 Nimirum

313 3167 469 3253 proprius
492 3171 527 3229 et
547 3165 799 3246 amiquissimus
821 3185 901 3232 usus
923 3167 989 3231 init
1011 3167 1077 3239 hie,
1103 3175 1140 3230 ut
1160 3168 1204 3230 ἵνα
1225 3166 1400 3232 diceretur
1421 3185 1459 3232 ex

315 3256 387 3334 ejus
401 3269 557 3334 persona,
581 3253 638 3332 qui
660 3252 856 3334 respondere
880 3252 1026 3324 deberet,
1048 3259 1082 3316 et
1106 3253 1224 3318 deinde
1248 3255 1279 3312 τί
1305 3271 1349 3316 ex
1374 3256 1457 3334 ejus,

314 3339 374 3420 qui
390 3337 634 3416 interrogasset.
676 3338 781 3402 hocin
802 3349 844 3402 ex
871 3337 1039 3420 Aristonis.
1067 3337 1177 3404 Nubb.
1208 3335 1302 3402 1189.
1326 3358 1374 3400 ss.
1405 3340 1460 3402 hur

315 3424 483 3488 iilustrare
497 3428 617 3505 potest.
662 3419 879 3508 Phidippides
897 3423 938 3486 de
961 3423 1095 3502 Solonis
1115 3411 1252 3490 consilio
1277 3425 1314 3486 in
1339 3429 1461 3488 termi-

317 3511 371 3574 nis
393 3509 558 3571 mensium
581 3511 818 3574 constituendis
834 3509 935 3572 dicit:
964 3510 1183 3576 vivaniensis
1203 3508 1244 3572 δυ’
1260 3511 1379 3592 ἡμέρας
1394 3511 1463 3576 iir-

317 3621 378 3669 κεν,
401 3594 440 3658 είς
461 3620 493 3657 τε
515 3595 569 3660 τὴν
583 3597 645 3662 ’ἕνον
658 3621 691 3657 τε
708 3595 757 3657 καί
775 3595 902 3672 νέαν,’ίν’
926 3599 957 3658 αί
979 3592 1069 3658 δίοεις
1088 3599 1227 3678 «γίγνοιντο
1247 3603 1287 3678 τῇ
1304 3603 1462 3676 νουμηνίᾳ.

315 3680 538 3764 Strepsiedes,
559 3684 612 3746 cui
635 3683 723 3747 ratio
736 3681 840 3744 allata
865 3682 1007 3746 nondum
1024 3681 1199 3756 satisfacit,
1225 3683 1296 3762 ejus
1321 3685 1466 3746 nomine

362 3770 429 3849 rgit
443 3767 551 3833 verbis
566 3767 611 3830 ίια
626 3767 674 3841 δὴ,
696 3785 838 3848 eumque
853 3769 900 3830 sio
911 3768 1043 3840 inritet,
1059 3780 1097 3830 ut
1108 3770 1239 3849 reliqua
1252 3769 1326 3850 ipse
1342 3770 1465 3834 addat.

315 3787 527 3937 quuoniam
542 3852 604 3918 Ph.
620 3873 685 3919 non
700 3854 785 3918 iacit
798 3855 986 3928 confestim,
1003 3853 1222 3938 StrepsiadeS,
1236 3855 1333 3935 quasi
1361 3876 1467 3920 morae

315 3941 509 4025 impatiens,
536 3943 665 4023 integra
681 3941 939 4022 interrogatione
954 3940 1069 4019 instat,
1091 3941 1229 4023 adjectis
1250 3959 1378 4023 nempe
1392 3962 1466 4005 rer-

316 4029 372 4093 bis
387 4030 418 4092 τί
431 4028 485 4094 τὴν
504 4028 566 4094 ἕνην
587 4024 788 4113 amathusi
811 4023 897 4093 Tum
919 4026 1053 4091 demum
1073 4025 1134 4090 Ph.
1149 4027 1181 4092 ἵν’
1204 4027 1327 4101 ὖμέλε,
1354 4031 1472 4114 παρόν·

317 4121 445 4180 ποιοῖο.
489 4110 651 4177 Geminus
674 4117 725 4178 est
739 4114 830 4177 loeus
845 4113 879 4176 in
902 4110 1047 4178 ’Euam
1074 4112 1149 4177 713.
1173 4133 1218 4177 ss.
1241 4109 1332 4175 Pr..
1353 4161 1363 4176 .
1383 4117 1470 4178 ,τὰς

316 4205 422 4286 Απίονας
450 4206 638 4263 καταπαῦσαι
665 4203 810 4274 βούλομαι
835 4196 1032 4276 ἁπαξαπάσας
1057 4195 1109 4264 Βί.
1134 4201 1179 4263 ’ίνα
1201 4201 1231 4262 τί
1243 4203 1255 4260 i
1287 4194 1348 4262 Pr.
1376 4201 1472 4266 dita

314 4294 406 4351 »soom
417 4284 457 4346 τί·
480 4283 527 4350 ἵνα
539 4291 596 4348 τοῖιν
610 4289 674 4349 νέων
688 4288 793 4367 ἔχωσιν
811 4284 899 4348 αὐταί
920 4287 974 4353 sris
994 4287 1112 4362 οίιιμάι;
1137 4295 1201 4352 etc.
1246 4281 1363 4349 Verba
1378 4287 1471 4352 δῆλον

316 4379 406 4436 τοῦτο
429 4373 459 4431 τί
485 4372 534 4437 sio
560 4369 705 4455 explico:
731 4370 991 4438 “Manifestum
1010 4379 1046 4436 et
1071 4373 1196 4438 clarum
1221 4378 1271 4434 est
1299 4371 1349 4444 id,
1372 4375 1472 4455 quod

316 4466 344 4582 «εἰ
358 4457 558 4604 priorioinino⁹
572 4461 603 4520 τί
614 4475 658 4520 ex
671 4476 723 4522 me
735 4459 869 4538 quaeris,
895 4460 1049 4541 quodque
1063 4479 1116 4540 me
1131 4459 1181 4522 sis
1195 4463 1251 4522 mo
1272 4457 1319 4518 ἵνα
1345 4461 1473 4524 statim

360 4561 398 4606 sn
438 4561 534 4606 soene.

360 4625 392 4692 2.
412 4564 505 4696 {dem
525 4628 702 4696 dioendum
722 4631 764 4700 de
786 4631 840 4695 tn·
852 4631 883 4693 τί
895 4634 929 4696 et
941 4632 979 4694 ὡς
992 4632 1033 4694 τί.
1080 4629 1187 4698 Nemo
1199 4629 1290 4695 eninr
1306 4649 1473 4714 unquam
