3117 5175
429 388 670 455 ruuonnsnu
692 391 987 469 rnououruuu.
1229 394 1277 475 ,ss

176 542 207 650 ᾇ.
232 548 387 655 Ceterum
409 561 592 627 mvendnm
618 569 690 635 eet,
720 582 761 627 ne
789 564 895 645 frigus
921 563 1096 635 afferamus
1120 562 1229 645 locius
1246 588 1271 635 a

133 635 253 714 quibus
271 642 426 741 ,insignis
464 649 699 730 magnitudinis
728 650 928 731 significatio
956 650 1065 713 slieoa
1088 656 1152 725 est,
1185 672 1268 721 nera

129 729 315 823 pronomini
331 729 500 797 indefinito
523 736 632 799 ubivis
646 736 772 819 aliquid
787 736 941 819 ponderis
955 735 1123 801 addamus.
1167 738 1269 809 Aliud

130 826 218 884 emm
233 817 296 886 est,
312 817 339 881 si
355 818 431 897 quis
445 820 580 901 ignarus
594 824 667 896 vire,
685 829 725 887 ut
746 820 823 903 Cyri
840 821 930 888 Disc.
945 821 990 887 iv.
1005 818 1037 903 6,
1063 820 1113 887 10.
1128 826 1267 907 quaerit:

128 894 207 1001 rrq’m
221 896 266 960 τὶς
279 899 364 965 illel
385 904 489 983 aliud,
502 928 577 973 eum
594 905 780 992 Xenophon
796 906 880 993 Exp.
898 906 974 991 Cyri
991 910 1035 971 vi.
1046 906 1078 989 5,
1089 904 1143 973 20.
1158 911 1265 978 dicit:

129 987 386 1084 oqoornsdoeord
408 988 542 1058 Ho'rrosl
564 994 629 1058 sed
644 997 680 1057 in
695 994 752 1059 illo
766 997 837 1058 loco
853 993 897 1058 ris
912 1000 962 1059 est
978 991 1068 1081 fere,
1082 1000 1122 1059 ut
1136 1001 1171 1073 et
1185 994 1265 1080 Cyri
1348 996 1350 1013 ¹

126 1062 281 1138 Dinoni.
307 1072 335 1149 l,
357 1072 387 1135 2.
403 1080 438 1139 et
451 1076 485 1141 4.
531 1077 701 1145 Fischerus
715 1086 826 1145 autem
851 1082 886 1144 in
906 1080 1080 1147 Animadv.
1094 1081 1137 1145 ad
1163 1079 1264 1150 Well.

127 1148 187 1253 fir.
200 1155 236 1217 ii.
253 1175 286 1257 p.
301 1157 375 1222 232.
391 1162 460 1225 haec
471 1164 555 1241 loca,
567 1168 649 1249 quis
662 1168 821 1231 nonsatis
836 1168 1009 1247 diligenter
1023 1184 1064 1231 ea
1077 1171 1263 1251 notaverat,

125 1246 213 1342 mter
226 1244 293 1346 qlra
305 1246 431 1323 retulit,
457 1250 492 1315 iu
514 1253 635 1333 quibus
649 1255 737 1322 clara
750 1259 803 1318 est
828 1253 996 1338 emphasis
1021 1254 1262 1333 magnitudinis

125 1344 275 1480 ωῗῗιόἓ
299 1419 453 1486 enclitioo
466 1446 510 1485 ns
524 1424 558 1489 in
574 1426 649 1490 ὅστις
663 1444 724 1510 pro
749 1425 778 1491 ὃς
804 1422 947 1507 Vigerus
969 1425 1007 1490 ii.
1034 1422 1066 1489 5.
1090 1442 1157 1491 non
1171 1434 1261 1495 recte
1308 1444 1311 1451 ’

121 1500 224 1563 tradit
251 1503 327 1568 ὅστις
350 1524 422 1570 esse
452 1506 512 1591 qni
538 1508 679 1596 quidem.
724 1511 773 1577 Ac
801 1532 842 1576 ne
863 1513 959 1576 docet
982 1510 1128 1594 quidem,
1157 1531 1261 1594 quam
1383 1530 1388 1543 ’

120 1585 194 1667 ipse
219 1588 286 1652 vim
313 1590 364 1654 his
389 1590 518 1659 Latinis
532 1600 668 1663 tribuat.
712 1596 751 1663 Id
766 1606 891 1673 autem,
912 1598 1001 1679 quod
1026 1594 1173 1663 Zeunius
1202 1602 1261 1667 ad·

120 1674 253 1775 apersit,
266 1696 423 1759 quorsum
440 1687 567 1765 spectet
590 1693 649 1749 aut
662 1704 764 1768 quam
777 1688 844 1749 viru
868 1686 1000 1759 habeat,
1025 1704 1088 1767 ego
1113 1703 1178 1750 non
1207 1689 1258 1752 in·

113 1760 244 1841 tellrgo.
288 1761 342 1827 Ne
357 1768 471 1847 multa,
496 1770 578 1833 milri
604 1773 653 1835 sic
675 1772 822 1836 videtur:
847 1773 876 1836 si
901 1771 963 1835 hoc
976 1770 1151 1837 relativum
1166 1790 1261 1859 speo-

113 1851 171 1907 tat
193 1848 235 1911 ad
264 1848 430 1916 hominem
457 1874 522 1919 non
549 1864 686 1936 certum,
709 1858 767 1921 sed
795 1876 1035 1941 quemcunque,
1056 1858 1126 1923 vim
1153 1858 1189 1921 ri
1213 1860 1259 1926 ris

114 1950 212 1995 suam
237 1937 367 2015 retinet,
389 1945 423 2003 et
438 1939 499 2004 hoc
513 1942 624 2025 ipsum
643 1944 713 2008 vult
735 1945 890 2027 intelligi,
908 1944 1095 2026 clariusque
1110 1944 1205 2021 iacit,
1228 1944 1260 2011 ὃς

113 2036 183 2081 non
197 2027 345 2102 spectare
370 2025 412 2087 ad
439 2032 563 2090 certum
589 2030 779 2102 hominem
802 2036 836 2094 et
862 2028 1058 2113 simpliciter
1088 2030 1104 2091 t
1130 2055 1158 2092 n
1184 2028 1264 2097 δοκεῖ

112 2123 189 2167 esse
203 2104 365 2205 quidquid
388 2109 529 2185 videtur,
550 2133 625 2179 curn
649 2114 665 2177 ὃ
689 2115 714 2177 l.
729 2114 888 2189 siclinii,
911 2113 999 2203 quod
1012 2112 1147 2179 videtur.
1191 2112 1258 2182 Ex·

111 2192 235 2272 emplrs
260 2198 293 2255 et
321 2194 403 2260 locis
426 2200 525 2261 certis
551 2201 605 2264 hic
629 2202 679 2264 uti
705 2201 881 2265 ridiculum
907 2208 1017 2265 esset:
1042 2220 1140 2265 nemo
1163 2204 1256 2268 enim

109 2276 293 2377 duliitabit,
312 2279 388 2344 ὅστις
410 2284 488 2365 poni
504 2304 566 2367 pro
592 2284 621 2347 ὃς
644 2284 689 2363 ἃν,
714 2285 918 2375 quicumque.-
939 2305 978 2349 ac
999 2305 1043 2350 ne
1061 2286 1255 2369 proficerem

108 2363 245 2443 quidem
264 2364 447 2447 quidquam
476 2371 645 2453 exemplis,
673 2373 755 2452 quia
778 2373 882 2437 etiam
906 2370 935 2434 ὃς
956 2374 1029 2435 sine
1045 2370 1078 2436 ἃν
1099 2374 1254 2441 universe

109 2456 311 2533 usurpatur;
332 2458 371 2516 ut
394 2451 493 2517 Hom.
510 2452 558 2540 11.
587 2452 624 2519 Β.
653 2454 725 2520 198.
741 2457 800 2520 ubi
824 2477 856 2522 r.
885 2455 956 2521 188.
978 2458 1054 2519 ὅστις
1067 2458 1184 2521 eadem
1200 2479 1255 2525 ra·

107 2536 204 2599 tione
230 2536 366 2603 dictum'
380 2542 565 2606 antecessit.
612 2538 686 2607 Hoc
705 2548 818 2606 tamen
842 2548 968 2617 menet,
991 2542 1165 2626 proprium
1181 2564 1252 2612 asse

107 2623 371 2698 meteororum,
392 2646 491 2708 quem
503 2627 594 2701 dixi;
615 2634 649 2692 et
662 2629 805 2712 simplex
828 2627 857 2691 ὃς
877 2629 950 2690 sine
975 2625 1009 2689 dr
1033 2627 1077 2690 ad
1101 2629 1253 2694 indefini-

102 2711 376 2793 tumsubjeetum
390 2720 543 2796 spectans
564 2733 672 2796 neque
695 2719 766 2778 tam
792 2715 1004 2797 perspicuum
1029 2731 1116 2787 esse,
1138 2734 1247 2798 neque

104 2802 181 2857 tarn
203 2798 374 2863 usitatum.
418 2797 515 2863 Patet
536 2801 607 2884 Jam
631 2819 674 2863 ex
701 2802 835 2862 ὁστισοῦν.
879 2795 935 2863 Sic
963 2797 1051 2880 apud
1076 2795 1250 2870 zosimum

101 2881 130 2944 i.
154 2880 163 2943 Ι
173 2879 204 2944 7.
215 2887 276 2946 eriri
294 2888 382 2950 ὁτιοῦν
394 2883 461 2949 ἴδιον
472 2885 491 2954 ἢ
503 2885 698 2960 interiacentis
708 2887 820 2950 πόλεως
830 2883 1010 2958 οἰκοδόμημα
1019 2882 1248 2968 διαφθείραντες,

99 2968 254 3050 primum
269 2971 349 3036 iilud
364 2975 426 3034 πᾶν
450 2973 494 3035 ad
514 2980 638 3037 certum
653 2973 869 3054 quodcunque
891 2971 1064 3035 aedificiuur
1085 2967 1246 3055 pertin‘et,

98 3053 194 3136 quod
209 3057 285 3138 quis
300 3058 395 3122 facile
409 3057 498 3141 apud
512 3059 660 3123 animum
675 3061 861 3142 proponat;
883 3055 919 3120 id
933 3063 1057 3136 autem,
1083 3058 1171 3141 quod
1185 3078 1249 3143 per

97 3143 336 3226 pleonasmum
349 3144 492 3225 additur,
511 3147 600 3210 ὁτιοῦν
625 3146 669 3209 ad
693 3145 834 3226 reliqua,
853 3162 926 3226 qun
940 3143 1016 3224 quis
1031 3143 1134 3208 etiam
1148 3144 1243 3228 igno.

97 3251 181 3298 rare
195 3230 312 3313 possit.
758 3247 782 3312 J

132 3315 215 3380 -Sed
230 3317 310 3398 quid
334 3317 457 3391 faciam
471 3317 564 3389 locis,
584 3316 644 3382 ubi
667 3319 743 3380 torn
764 3315 809 3380 ad
830 3321 956 3382 certam
979 3335 1050 3381 rem
1074 3321 1244 3384 certumve

95 3405 273 3470 hominem
295 3404 462 3468 refertur?
522 3405 578 3467 'hil
604 3403 756 3487 equidem
779 3403 905 3468 laboro.
949 3401 1038 3468 Nam
1063 3421 1105 3466 ne
1129 3404 1163 3468 in
1187 3403 1243 3470 his

95 3491 241 3572 quidem
254 3491 335 3554 locis
359 3509 497 3554 euanesc
548 3491 598 3554 vis
622 3490 829 3574 pronominis
851 3488 1027 3555 indefiniti.
1072 3486 1242 3556 Nimirum

92 3578 244 3659 simplex
259 3577 433 3640 relativum
448 3576 476 3640 ὃς
490 3582 672 3659 usurpatur
686 3570 727 3640 de‘
741 3597 791 3650 re,
813 3577 867 3640 cui
888 3572 1081 3662 simpliciter
1097 3580 1130 3639 et
1141 3573 1241 3640 disto·

91 3662 166 3728 n'ce
180 3663 309 3744 aliquid
319 3663 496 3726 tribuitur:
518 3663 574 3726 sed
589 3664 664 3726 ὅστις
676 3663 815 3746 respicit
838 3661 881 3726 ad
896 3681 979 3736 rem,
1002 3680 1045 3726 ex
1059 3679 1126 3742 qua
1140 3661 1242 3728 liceat

582 3832 596 3859 d

92 3749 308 3822 existimare,
323 3747 506 3834 cujusmodi
519 3751 588 3814 siue
599 3747 720 3898 (qualis
745 3746 804 3812 illu
816 3746 871 3822 sir,
894 3753 927 3813 et
939 3767 980 3812 en
995 3767 1059 3836 quo
1071 3745 1172 3813 lector
1185 3745 1243 3813 de·

633 3862 647 3899 5

94 3834 177 3900 beat
190 3846 416 3920 argumentum
424 3845 545 3921 petere.
660 3855 739 3918 ergo
754 3841 807 3898 est
828 3835 987 3918 simplicis
1012 3834 1239 3899 narrationis:

90 3923 178 3986 ὅστις
191 3923 294 3986 etiam
313 3924 507 4004 conjecturae
523 3921 666 4007 'lectoris
687 3919 813 4006 aliquid
840 3921 1010 4005 relinquit.
1055 3919 1166 4002 Atque
1188 3920 1240 3985 ito

91 4029 170 4084 res,
198 4009 381 4091 composito
412 4009 473 4074 hoc
495 4007 689 4092 pronomine
714 4007 913 4090 significata,
945 4007 998 4073 vel
1025 4007 1160 4072 omnino
1183 4007 1238 4072 rel

85 4171 149 4218 Sed
172 4171 254 4219 levem
269 4183 376 4218 errorem
392 4165 544 4218 Schwebeiii
569 4166 644 4217 casti-
691 4161 1152 4228 solutedicitnr,etsineuilsellipsi,
1167 4161 1239 4211 itaet

79 4233 304 4298 garenllicer.
337 4236 360 4283 ls
371 4250 416 4298 per
431 4233 535 4296 ellipsin
547 4233 587 4280 roi
602 4231 643 4292 pl-
693 4232 764 4281 illud.
799 4229 875 4280 Ratio
885 4231 1011 4281 dictorum
1023 4245 1103 4295 persa
1119 4225 1238 4285 ostendit,

79 4320 143 4361 qu
156 4299 221 4348 iilud
238 4299 275 4348 sic
290 4299 405 4364 usurpari
424 4297 520 4348 stituit.
552 4297 643 4348 Sedet
691 4295 824 4360 emphasin
844 4311 901 4346 esse
918 4296 999 4354 iuris,
1019 4303 1047 4344 ut
1063 4306 1114 4342 oon
1129 4291 1239 4366 unpro-

77 4365 147 4414 sibi
160 4365 217 4429 ipse
226 4372 356 4428 repugnat,
370 4379 429 4412 cum
444 4363 535 4412 exinde
544 4369 642 4410 contra·
691 4359 910 4426 priealr'qw'ssive
937 4363 1060 4424 uispiomr
1074 4355 1143 4420 quod
1160 4353 1238 4419 ingo·

75 4429 134 4478 ria
145 4429 243 4478 ratione
251 4428 387 4494 'hominem
401 4427 470 4478 nulla
490 4427 582 4475 virtute
597 4434 642 4475 aul
690 4435 744 4487 rel;
761 4425 862 4475 sednon
871 4378 1083 4476 myrenorum
1115 4419 1237 4496 Ceterum

76 4494 119 4542 di
159 4491 433 4557 itateproeditonrdioi
451 4488 642 4541 statuatoiilvet
689 4490 769 4540 etiam
778 4489 853 4554 plysn
871 4509 920 4539 rna
937 4489 987 4537 dior
1004 4486 1094 4546 solere,
1113 4499 1239 4536 mxime·
1324 4495 1330 4526 l

75 4509 180 4609 κει.
212 4558 279 4608 Nom
299 4565 325 4606 et
351 4558 377 4606 iu
406 4557 447 4606 his
473 4555 642 4619 supplendum
688 4571 740 4620 que
758 4555 824 4618 ply-
844 4575 875 4618 n,
899 4562 988 4606 neutro
1006 4565 1104 4618 mere,
1129 4564 1180 4604 non
1195 4555 1236 4608 est

71 4632 134 4690 pst
143 4621 348 4691 plysetplyss?
380 4623 434 4673 lmo
451 4621 517 4672 sicat
536 4619 642 4671 lrocsb·
689 4619 805 4692 dubitor.
