3117 5175
414 463 420 470 ‘
477 455 524 517 IN
544 453 696 520 GRAEOA
715 452 888 521 IrlNGUA.
1186 451 1249 518 158

123 621 212 693 cole,
227 621 352 705 quitus
370 625 548 708 predicato
568 628 720 712 quedam
735 634 769 692 et
790 647 901 692 rerum
915 626 1005 692 inter
1019 631 1056 692 se
1075 627 1248 710 cogitatio·

122 727 264 789 numque
279 713 378 774 vuriae
391 715 538 778 rationes
552 715 803 796 significentur?
817 713 884 778 Sed
898 716 933 779 in
949 715 1011 779 huc
1025 734 1074 787 re,
1089 716 1119 776 si
1134 715 1168 777 in
1179 715 1250 778 ulle

119 795 195 867 olle,
207 799 383 884 plerosque
398 817 512 865 omnes
525 802 606 865 milri
619 801 832 869 adversarios
838 803 1034 875 toreuideo,
1041 819 1142 883 quum
1157 801 1250 865 nulle

116 881 269 970 usitatior
282 903 364 959 esse,
376 903 474 965 quum
486 887 736 972 particularum,
752 889 963 970 meximeque
971 888 1249 971 ·praepositionum
1303 937 1311 956 ,

117 968 241 1050 ellipsis
255 973 417 1035 credatur.
465 971 528 1038 llis
543 991 621 1038 vero
631 974 897 1058 respondebitur,
905 980 1123 1058 posteaquem
1137 978 1249 1056 moep

115 1059 187 1118 tum
200 1059 299 1120 semel
315 1075 445 1122 cursum
456 1061 544 1124 istuc
557 1061 800 1124 deduxerimus.
1181 1081 1185 1088 ·
1244 1087 1249 1103 ·

115 1153 118 1162 ’
156 1137 335 1225 Reliqmm
360 1152 411 1209 est
432 1146 526 1210 uliud
549 1164 653 1230 genus
672 1147 840 1232 ellipseos,
862 1148 951 1228 quod
971 1167 1038 1212 non
1061 1148 1095 1211 in
1109 1147 1319 1226 unche-'110

113 1245 185 1292 rum
206 1229 364 1312 portium,
387 1251 428 1297 ex
451 1235 571 1314 quibus
595 1253 731 1316 quosque
755 1235 945 1300 euuuolstio
965 1233 1249 1306 consuessem

113 1316 292 1381 omissione
308 1319 453 1401 plurium
467 1323 615 1403 positum
628 1326 689 1384 est.
704 1359 708 1368 ·
733 1318 841 1403 Cujus
860 1323 908 1385 rel
932 1323 1041 1385 simile
1054 1319 1135 1402 quid
1150 1317 1248 1385 Idom-

112 1400 225 1466 ltertus
250 1421 382 1486 quoque
407 1403 527 1472 Bosius
550 1411 829 1484 commemoravit,
860 1425 1062 1490 quemquam
1086 1425 1152 1470 nou
1177 1426 1248 1471 mu-

107 1487 270 1576 lqrecum
280 1492 419 1572 judicio,
439 1513 540 1576 quum
562 1513 638 1558 cum
652 1513 719 1576 quo
737 1501 828 1558 totus
849 1497 913 1558 iste
935 1495 1030 1559 liber·
1044 1493 1249 1576 compositus

109 1579 173 1637 esta
220 1573 330 1647 Quum
349 1581 438 1642 enim
464 1577 582 1644 Boslus
604 1599 670 1644 non
691 1585 901 1664 potestatem,
922 1580 1248 1646 sedformasrerbo-

73 1706 86 1728 e
109 1677 186 1723 rum
211 1669 385 1744 spectaret,
411 1666 468 1728 ubi
488 1668 668 1742 nominum,
690 1667 875 1743 verborum,
898 1669 1137 1750 particulorum
1151 1667 1247 1748 ellip-

108 1763 164 1810 ses
189 1757 447 1830 enumeraverat,
470 1753 599 1828 eddidit
624 1752 726 1816 etiam
754 1755 886 1838 slilpses
912 1756 1072 1835 quosdam
1096 1755 1247 1836 plurium

105 1834 295 1898 verbonun.
340 1834 442 1918 Atqui
457 1839 520 1904 hoc
533 1845 654 1908 temere
668 1857 740 1903 esse
763 1846 799 1904 et
821 1843 896 1904 sine
917 1848 1010 1906 certo
1023 1840 1163 1903 consilio
1176 1839 1247 1904 tuo·

105 1925 195 1993 lum,
212 1936 254 1988 ex
268 1941 308 1986 eo
321 1923 530 2006 intelligitur,
549 1921 736 2012 quod'nunc
750 1929 786 1992 in
800 1927 952 2010 pluribus
965 1927 1076 2004 perbis
1089 1945 1159 1990 uno
1170 1932 1248 1990 tun·

105 2009 181 2070 turn
198 2010 292 2072 notio
306 2010 405 2082 inest,
428 2030 517 2076 nune
529 2029 596 2076 uno
610 2013 709 2076 verbo
723 2014 834 2095 plures
848 2014 1009 2091 notiones,
1030 2031 1070 2076 ac
1091 2031 1180 2095 slepe
1193 2012 1246 2076 in·

105 2097 203 2174 tegra
220 2095 514 2176 uliquesententis
528 2099 724 2163 continetur.
761 2099 877 2168 Quare
889 2119 962 2173 nos,
974 2099 1189 2182 posteaquem
1196 2097 1248 2164 ‘de

101 2179 287 2246 omissione
300 2184 503 2264 singulorum
524 2187 682 2268 portium,
707 2205 748 2249 ex
771 2187 894 2268 quibus
916 2205 1056 2268 quoeque
1079 2185 1246 2252 oenteutiu

103 2270 297 2350 composite
310 2276 374 2342 est,
389 2270 545 2344 diximus,
571 2289 659 2335 nunc
676 2272 779 2335 etium
793 2272 835 2334 do
850 2273 1028 2336 omissione
1041 2271 1188 2352 plurium
1201 2289 1246 2334 ex

101 2352 158 2416 his
174 2356 328 2436 portibus
345 2359 556 2438 querendum
576 2358 814 2422 existimemus.
858 2353 918 2418 Est
938 2363 1050 2420 eutem
1065 2354 1126 2418 hoc
1139 2375 1246 2438 genus

101 2439 242 2522 duplex.
286 2440 373 2505 Num
387 2449 499 2525 portes
515 2446 587 2507 lstae
600 2461 703 2525 quum
728 2445 797 2508 sint
819 2461 958 2506 numero
981 2449 1063 2520 tres,
1088 2449 1148 2505 eut
1170 2443 1246 2516 dum

102 2531 242 2591 tuntum
257 2531 468 2603 omittuntur,
483 2537 541 2595 aut
553 2547 679 2595 omnes.

145 2612 200 2677 Ac
229 2614 301 2679 duae
329 2634 432 2698 quum
461 2618 672 2691 omittuntur,
705 2617 766 2681 hus
794 2616 942 2679 videmus
966 2614 1183 2695 predicatum
1211 2621 1247 2687 et

100 2700 262 2783 copulem
277 2718 360 2776 esse,
382 2699 456 2783 quae'
478 2704 593 2767 eadem
616 2710 677 2781 est,
698 2720 800 2780 quem
813 2702 905 2764 verbi
930 2700 1061 2783 ellipsin
1076 2700 1176 2781 vulgo
1189 2720 1247 2764 ro·

98 2795 195 2851 cant.
243 2786 349 2851 Omne
373 2791 462 2851 enim
483 2790 630 2861 uerbum,
652 2792 770 2871 praeter
793 2787 931 2850 verbum
952 2806 1027 2865 ecce,
1049 2786 1118 2849 nisi.
1137 2786 1197 2849 ubi
1211 2786 1246 2849 id
1270 2845 1279 2859 ,

99 2882 235 2939 aestum
260 2874 434 2951 significat,
459 2892 501 2936 ex
529 2874 708 2957 praediceto
732 2878 766 2935 et
791 2873 911 2955 copule
934 2873 1155 2956 compositum
1180 2878 1244 2936 est.

97 2958 162 3032 At,
189 2960 321 3040 inquiet
335 2960 467 3041 aliquis,
484 2960 511 3022 si
534 2960 705 3042 praedicuti
727 2960 818 3023 nulla
831 2965 883 3022 est
896 2959 1033 3041 ellipsis,
1054 2961 1161 3023 multo
1184 2960 1246 3021 mis

96 3064 168 3109 nus
205 3045 420 3127 praedicetum
451 3046 549 3117 simul
571 3064 646 3111 oum
671 3046 790 3128 copule
812 3046 921 3109 omitti
943 3046 1080 3129 poterit.
1133 3042 1312 3121 Enim-111

97 3150 188 3197 vero
212 3131 277 3194 nlsi
300 3132 478 3212 singularis
498 3132 649 3215 quaedum
674 3132 763 3195 ratio
790 3132 970 3204 accederet,
991 3132 1162 3201 uerissime
1183 3131 1247 3195 hoc

95 3220 316 3300 objiceretur.
339 3216 462 3282 Verum
476 3220 548 3283 istoe
573 3220 745 3283 verborum
760 3219 894 3301 ellipses
914 3236 1029 3282 omnes
1048 3219 1083 3281 in
1104 3238 1173 3281 uno
1190 3237 1246 3299 ge-

96 3318 185 3369 nere
202 3310 390 3378 versantur,
414 3307 501 3386 quod
518 3305 678 3387 ejusmodi
706 3310 769 3377 est,
790 3304 829 3369 ut'
841 3304 1013 3388 predicuti
1027 3306 1161 3369 omissio
1175 3304 1247 3368 ido·

93 3406 207 3457 neam
219 3390 446 3455 defensionem
461 3392 616 3456 inveniet
662 3390 777 3471 Neque
800 3394 890 3456 enim
913 3393 1105 3454 universum
1128 3391 1247 3473 prodi-

94 3486 233 3556 cuturn',
256 3478 314 3541 sed
335 3496 414 3561 pars
439 3480 511 3561 ejus
532 3479 610 3542 talis
636 3479 814 3551 omittitur,
839 3498 914 3559 quae
933 3478 1041 3557 qualis
1063 3478 1120 3556 sit,
1141 3497 1181 3542 ex
1205 3498 1248 3542 eo

95 3574 218 3650 perte,
241 3582 313 3646 quae
329 3570 613 3637 commemoratur,
635 3565 735 3628 facile
749 3564 890 3645 intelligi
905 3565 1024 3646 possit.
1067 3560 1155 3627 Uter
1178 3567 1247 3647 pri·

94 3672 158 3717 mo
183 3650 309 3715 Lutinu
330 3654 536 3731 loquutione,
561 3650 641 3736 quid
662 3649 719 3715 lroc
739 3648 785 3713 ud
808 3670 877 3713 me:
899 3651 933 3714 in
954 3667 1021 3729 quc
1040 3648 1097 3714 loc
1119 3650 1248 3730 subjec-

94 3744 178 3805 tum
194 3744 261 3811 est,
284 3738 453 3819 praedicoti
469 3756 544 3821 pars
569 3736 649 3822 quid
670 3735 716 3801 od
734 3756 806 3809 πω
825 3738 896 3817 jam
916 3736 1007 3816 quod
1032 3738 1246 3819 intelligitur,

94 3824 237 3895 attinet,
260 3825 296 3887 in
312 3842 352 3887 eo
372 3830 405 3887 et
427 3826 545 3908 copulo
567 3824 744 3897 invenitur,
767 3832 823 3896 est,
845 3824 1020 3902 etreliqua
1038 3842 1115 3906 pers
1129 3824 1248 3907 praedi-

95 3915 187 3992 cati,
212 3908 363 3983 attinens,
386 3928 459 3992 quae
482 3930 584 3992 quum
609 3928 669 3993 per
694 3928 730 3973 se
752 3909 835 3971 nihil
858 3910 914 3986 sit,
934 3910 1162 3973 sutisclerum
1182 3914 1247 3981 eet,

95 4018 183 4063 eum
201 3996 355 4079 intelligi,
378 4000 482 4061 ultera
498 4003 593 4080 parte
613 3997 739 4078 posita,
761 3992 946 4079 uliquidod
965 4016 1025 4059 me.
1070 3996 1249 4059 Graecieo·
1344 4022 1348 4027 ’

96 4086 185 4149 dem
201 4086 393 4169 loquutione
407 4089 558 4157 utuntur,
582 4084 638 4148 sed
658 4082 852 4164 simplicius,
873 4084 932 4162 qui
945 4101 1048 4162 quum
1070 4082 1196 4155 dicunt,
1216 4082 1249 4143 ci

96 4178 201 4236 τοῦτο
228 4170 301 4252 πρὸς
331 4173 402 4244 ἐμές
439 4171 582 4251 intelligi
602 4170 737 4251 quidem
757 4174 870 4250 poaeet
890 4170 1040 4252 προσήκει,
1060 4168 1120 4229 scd
1144 4186 1248 4247 quum

96 4258 215 4323 iidem
230 4254 427 4338 simpliciter¹
443 4256 477 4318 τὸ
491 4258 562 4339 πρὸς
584 4281 612 4317 τι
626 4256 667 4318 de
681 4274 731 4331 eo,
755 4271 822 4335 quo
835 4255 960 4334 aliquid
981 4258 1121 4338 spectet,
1138 4254 1248 4316 dicere

94 4345 253 4415 soleant,
285 4352 542 4407 consentaneum
574 4346 635 4418 est,
668 4342 772 4403 solum
806 4342 989 4421 intelligere
1016 4341 1181 4421 copulam,
1199 4341 1250 4402 'ut

95 4450 215 4515 quum
229 4430 342 4493 dicunt
358 4432 388 4491 cl
404 4428 466 4503 ἐμοὶ
482 4430 560 4491 τοῦτ’
577 4430 674 4501 ἑστίη
697 4425 820 4491 Eadem
843 4429 940 4500 ratio,
963 4446 1062 4507 quum
1078 4428 1114 4489 in
1128 4424 1249 4489 Latino

93 4522 173 4585 isto
190 4516 341 4599 exemplo
354 4516 666 4587 demonstravimus,
689 4514 815 4577 inullis
836 4514 966 4577 obtinet
978 4513 1131 4577 formulis
1146 4513 1249 4577 etiem

100 4632 106 4643 ·
148 4605 178 4669 d
215 4600 362 4673 Grecos.
407 4598 461 4667 lto
474 4618 585 4687 quum
598 4600 716 4667 dicunt
740 4600 780 4666 el
802 4603 894 4686 λόγῳ,
914 4601 1002 4681 quod
1024 4602 1121 4684 plene
1141 4601 1250 4667 dicen·
