3117 5175
395 428 614 495 PRAEFATIO
633 426 956 494 sunonrrdnml.
1222 434 1253 498 ix

116 612 260 679 alterutri
277 618 430 678 nostrum
445 614 678 697 imputaretur,
699 614 788 696 quod
804 614 847 679 ab
872 614 946 699 ipso
967 613 1162 699 profectum
1180 634 1248 681 non

116 707 170 780 est,
200 700 260 764 sed
289 719 349 764 eas
371 701 462 765 infra
481 702 603 765 lineam
640 702 837 765 subductam
868 702 1048 785 posuimus.
1095 698 1248 767 Invenies

115 786 261 872 quasdam
274 806 381 852 noros
394 807 465 870 prae
484 808 520 851 se
543 788 670 862 titulos,
692 787 848 861 ferentia,
871 788 1022 869 quasdam
1044 806 1122 853 vero
1138 788 1249 853 obser-

116 875 308 937 vationibus
337 873 492 940 Auctoris
519 874 642 937 addita.
701 870 739 936 In
770 875 914 953 singuiis
936 876 988 939 ite.
1009 894 1060 939 me
1080 878 1181 955 gessi,
1204 895 1246 939 ne

115 961 216 1023 noles
247 962 326 1025 libri
357 958 498 1025 nimium
526 965 742 1033 excresceret,
777 977 895 1040 neque·
918 964 1030 1025 tamen
1053 961 1245 1045 quidquam,

115 1047 203 1129 qnod
216 1066 238 1110 a
259 1066 315 1110 me
336 1048 548 1111 observatum
567 1053 652 1120 erat,
675 1047 897 1111 omitteretur.
943 1045 1061 1129 Neque
1085 1047 1145 1111 boc
1163 1048 1245 1113 diffi-

115 1134 175 1197 teri
191 1152 342 1215 possum
363 1134 485 1199 esseio
502 1132 566 1205 bis,
582 1152 654 1218 quae
668 1130 750 1196 Viro
763 1130 1059 1206 Excellentissimo,
1080 1138 1114 1196 et
1135 1134 1170 1201 in
1189 1136 1250 1199 boc

116 1220 287 1283 literarum
323 1224 456 1300 genere‘
481 1220 713 1297 versatissimo,
748 1216 938 1284 Christiano
965 1214 1133 1285 Friderico
1164 1218 1253 1285 Boer·

117 1324 210 1379 nero,
231 1306 465 1371 humaniorum
485 1307 671 1370 litterarum
696 1307 785 1388 apud
815 1324 875 1369 nos
903 1303 1086 1371 Professori
1112 1308 1253 1373 celeber·

118 1394 215 1465 rimo,
236 1392 410 1457 debentur.
453 1389 488 1455 la
500 1412 562 1476 pro
576 1411 626 1469 ea,
649 1411 717 1473 qua
732 1411 784 1455 me
797 1394 1022 1475 prosequitur,
1047 1392 1253 1465 humanitate
1370 1456 1375 1466 .

117 1479 286 1562 exemplar
295 1496 405 1579 summ,
419 1480 475 1545 cui
488 1480 593 1543 muita
605 1477 839 1561 adsumpserat,
848 1498 976 1543 mecum
986 1479 1253 1567 communicavit,

120 1566 224 1628 notuit
231 1572 348 1629 tamen
360 1585 422 1649 pro
438 1565 599 1651 modestis
612 1583 674 1629 sun
688 1565 828 1646 singulis
843 1585 962 1630 nomen
985 1585 1081 1629 sunm
1096 1567 1255 1631 adscribi.

121 1648 207 1715 Meis
220 1672 303 1735 ergo
321 1672 364 1716 ea
388 1652 525 1724 inserui,
548 1652 603 1717 sed
618 1652 679 1723 ita,
701 1658 740 1715 ut
753 1651 886 1734 'publice
900 1651 960 1717 hoc
984 1652 1133 1717 beneficii
1148 1672 1255 1734 genus

122 1746 217 1819 grato
230 1758 407 1820 agnoscam
432 1737 554 1802 animo.
598 1734 740 1811 Iudices,
763 1758 864 1823 quum
889 1745 988 1803 antea
1013 1758 1100 1805 unns
1121 1745 1255 1805 tautum

122 1833 226 1900 esset,
247 1824 353 1890 addidi
365 1826 462 1901 duos,
483 1844 587 1891 unum
600 1825 765 1889 dictorum
779 1824 988 1909 biblicorum,
1010 1827 1152 1891 aiterum
1167 1826 1254 1891 Auc-

123 1919 239 1975 tornm
265 1913 434 1977 citatorum
462 1917 497 1975 et
523 1911 770 1995 explicatorum.
825 1908 963 1995 Factum
994 1911 1030 1979 id
1061 1918 1111 1977 est
1139 1932 1254 1979 eorum

123 2018 255 2070 cauum
267 2000 321 2083 qui
334 2000 513 2081 diiigenter
523 1998 683 2080 ejusmodi
698 2004 865 2072 auctores,
881 1999 1046 2082 precipue
1060 2018 1137 2065 vero
1151 2000 1257 2065 iibros
1350 2040 1352 2049 ι

124 2080 212 2149 Nori
239 2080 396 2160 Foederis,
420 2085 586 2156 evolvunt,
608 2090 647 2149 u‘t
668 2084 767 2148 facile
789 2092 953 2158 occurrat,
975 2085 1079 2163 sicubi
1105 2086 1255 2171 quaedam

123 2168 255 2255 Fdiipsis
270 2172 387 2237 lateat.
430 2170 538 2235 Tuum
562 2192 641 2253 ergo
661 2172 733 2251 jam
758 2176 822 2245 est,
845 2168 975 2245 lector,
998 2191 1050 2246 en,
1073 2193 1147 2254 quae
1167 2192 1189 2237 a
1203 2192 1257 2237 me

122 2259 273 2341 profecta
285 2267 375 2334 mnt,
386 2259 577 2323 calculotuo
591 2259 642 2321 rei
657 2258 797 2341 probare
812 2259 861 2321 vei
878 2259 1075 2343 improbare.
1119 2256 1190 2341 Ego
1204 2261 1256 2325 in·
1303 2266 1307 2275 ⁴

122 2351 214 2409 terea
227 2346 310 2410 mibi
326 2346 458 2411 abunde
472 2344 631 2417 satisfeci,
646 2344 674 2407 si
690 2346 747 2408 uni
763 2345 879 2408 saltem
893 2346 945 2409 rel
961 2344 1059 2410 alteri
1076 2341 1163 2409 Novi
1179 2342 1261 2409 Tes-

121 2434 263 2497 tamenti
278 2433 351 2496 iooo
371 2434 478 2520 lucem
499 2431 679 2495 adfundere
704 2432 810 2514 potui.
854 2429 904 2497 Tu
929 2450 1007 2499 vero
1021 2432 1106 2509 vale,
1128 2430 1262 2499 etmihi

121 2520 206 2584 fare.
251 2516 376 2605 Lipsiae
391 2537 501 2585 mense
516 2514 656 2592 Martio,
676 2535 896 2584 orornocrnr.
