3117 5175
633 394 727 495 arms.
1178 418 1244 491 265

159 594 293 671 Ῥόματα
319 596 434 682 supple
456 594 492 661 io
507 616 585 662 voce
603 594 741 670 mettid,
764 594 879 660 addita
899 594 1008 658 verbis
1031 594 1242 675 quibusdam,

133 704 188 757 oua
199 683 389 757 conuicium,
412 682 703 756 subsannationum,
718 690 777 748 aut
791 680 1033 748 exsecrationem
1054 683 1240 763 designant.

132 768 159 833 Ε.
177 789 206 849 g.
233 768 344 833 Πολλὰ
367 768 563 856 λοιδορεῖσθαι,
597 775 793 841 ἐπισκώπτειν,
820 766 1015 852 καταρᾶσθαι,
1047 770 1144 851 plene
1165 770 1243 834 nard

131 856 213 919 mati
226 857 348 939 biunna
363 855 559 940 λοιδορεῖσθαι,
581 856 691 922 miritis
712 855 815 920 verbis
832 853 1026 920 conviciari:
1047 853 1157 919 mullis
1169 876 1242 921 con·

131 939 207 1006 siclis
226 940 431 1027 proscindere
448 942 586 1029 aliquem
610 950 670 1010 etc.
715 940 839 1007 Imitati
866 941 926 1006 hoc
943 948 1021 1006 sunt
1035 939 1161 1017 latini,
1183 944 1242 1025 qui

132 1030 213 1092 simili
229 1032 338 1103 modo,
356 1028 466 1094 Multa
478 1028 587 1094 inuebi
600 1029 636 1094 in
651 1028 699 1095 oli
822 1028 945 1092 dicunt.

161 1112 313 1199 Exempla
330 1119 428 1197 hujus
449 1114 603 1200 Ellipsios
628 1136 690 1197 spu
741 1114 872 1179 Graecos
892 1115 1016 1198 passim
1041 1114 1139 1177 obvia
1154 1122 1242 1180 sunt.

131 1198 277 1266 maianus
293 1204 327 1266 in
343 1202 431 1268 Dial.
449 1200 551 1265 Mort.
566 1224 600 1287 p.
615 1201 690 1267 263.
715 1200 745 1267 Γ
746 1214 801 1285 sna
822 1202 850 1265 δὲ
870 1202 926 1274 ἀεὶ,
949 1200 1244 1265 nutriminis

132 1289 255 1436 dippium
278 1293 397 1352 τούτους
424 1290 590 1371 φιλοσόφους
614 1291 805 1353 έπισνιιόπτειε
828 1286 913 1353 ridor
935 1298 1184 1373 aulemsempcr,
1206 1307 1244 1353 ac

130 1370 312 1521 pl'osopbos
335 1374 409 1440 illos
426 1383 611 1459 arrogantes
631 1374 733 1439 miella
752 1372 951 1460 perstringit.
995 1372 1168 1457 Perpetem
1195 1375 1243 1438 ibi

145 1469 278 1543 nterpres
291 1461 332 1525 τοὶ
344 1462 448 1524 πολλοὶ
461 1462 603 1527 reddidit
614 1461 808 1549 pierumprm.
832 1467 870 1523 ut
892 1467 926 1524 et
948 1461 982 1523 in
997 1460 1139 1541 Apolog.
1154 1468 1243 1526 cont.

132 1544 275 1610 Prometh.
300 1548 335 1611 in
352 1549 439 1611 verb.
455 1568 488 1631 p.
510 1546 558 1613 l'i.
577 1546 688 1612 Ἐνόοτε
712 1547 760 1611 καὶ
781 1547 815 1610 τό
836 1549 899 1611 όλον
925 1550 1108 1611 ἀναπαίστοις
1131 1551 1244 1632 μέτροις

131 1634 293 1712 ἐποχουμένη
308 1634 349 1696 τό
362 1635 477 1705 πολλοὶ,
501 1631 566 1697 τοὺς
586 1644 637 1700 τοῦ
653 1634 786 1709 διαλόγου
801 1636 927 1717 ἑταίρους
941 1632 1098 1714 ἐχλεύαζε.
1141 1632 1245 1698 Inter·

132 1736 206 1797 pres:
232 1716 398 1783 Interdum
415 1718 513 1783 etiam
536 1719 738 1807 anapaesticis
758 1718 896 1784 nasibus
908 1717 1096 1804 plerumque
1119 1717 1157 1783 in
1175 1717 1245 1784 snb-

130 1800 189 1867 lr'ne
203 1814 321 1879 enecta,
345 1802 472 1891 dialogi
490 1804 589 1870 socios
606 1804 827 1872 subsannabat.
872 1803 977 1869 Prusa
1003 1806 1070 1867 haec
1094 1805 1200 1870 versio
1224 1825 1246 1870 a

130 1909 213 1972 prava
238 1892 450 1957 distinetione
477 1900 529 1956 est
552 1901 636 1960 orta.
686 1892 884 1972 Distingue:
907 1889 1016 1953 Ἐνίοτε
1040 1889 1101 1959 καὶ,
1124 1891 1158 1953 τό
1182 1893 1246 1956 lton

132 1980 296 2041 ἀναπαίστοις
308 1982 422 2063 μέτροις
436 1982 629 2059 ἐποχουμένη,
652 1978 691 2041 ταὶ
710 1978 814 2041 πολλοὶ
828 1975 894 2041 τοὺς
907 1984 959 2040 τοῦ
973 1975 1106 2050 διαλόγου
1120 1981 1246 2062 ἑταίρους

132 2063 270 2145 ἐχλεύαζε.
287 2072 321 2128 et
336 2070 442 2127 verte:
468 2062 634 2128 Interdum
647 2064 756 2139 etiam,
782 2062 913 2129 omnino
934 2060 1133 2146 anrrpastiois
1151 2063 1246 2129 ueru-

119 2144 175 2209 tus
186 2158 284 2225 recto,
304 2148 406 2214 malta
424 2148 639 2215 subsannabat
658 2148 785 2235 dialogi
801 2148 913 2214 socios.
958 2148 1113 2234 [Fallitur
1128 2147 1247 2214 Bosius

131 2232 302 2319 inutraque
317 2238 389 2301 loco
403 2234 552 2300 Luciani.
597 2238 647 2299 Ad
664 2240 806 2321 priorem
831 2236 1097 2301 Hemsterhusius
1120 2257 1154 2320 p.
1169 2238 1245 2302 332.

133 2328 151 2357 ‘⁸
164 2318 195 2384 L.
216 2320 283 2386 Bos
306 2323 347 2386 de
370 2320 434 2386 Eli.
463 2320 522 2385 Gr.
548 2343 582 2406 p.
603 2322 674 2388 142.
719 2320 901 2406 Interprete
925 2324 1101 2404 castigato,
1124 2326 1182 2404 qui
1208 2324 1248 2389 τοὶ

132 2408 215 2470 πολλοὶ
242 2408 423 2473 reddiderit
447 2407 645 2496 plerumque,
684 2412 767 2475 hanc
792 2412 972 2473 versionem
996 2413 1175 2492 expressit:
1209 2432 1248 2476 aa

135 2491 314 2581 pbilosopbos
334 2494 408 2559 illos
429 2504 613 2580 arrogantes
630 2496 732 2561 rnidta
751 2494 948 2583 perstringit.
1000 2494 1121 2560 Verum
1145 2498 1248 2561 ‹lixis-

138 2586 187 2650 set,
205 2582 226 2644 si
239 2584 406 2664 legeretur
431 2584 466 2646 in
491 2580 636 2660 Lucieno
649 2582 753 2646 πολλοὶ
768 2588 950 2647 ἐπισκώπτει·
973 2590 1011 2646 ut
1034 2583 1138 2646 πολλοὶ
1160 2583 1249 2647 λοιδο-

135 2663 234 2746 ρεῖνδαι,
257 2666 454 2754 καταρᾶσθαι·
474 2689 560 2732 nunc
575 2672 697 2734 nullam
714 2668 880 2754 Interpres
906 2678 1017 2732 notam
1032 2672 1246 2733 commeruit:

135 2751 265 2818 illemest
282 2759 322 2818 ταὶ
336 2755 449 2830 πολλοὶ,
470 2757 558 2838 quod
583 2759 619 2820 irs
636 2755 770 2830 ἐπιπολὺ,
794 2759 831 2818 ὥς
857 2753 1026 2825 έπιτοπολι),
1047 2757 1247 2837 quibusuti·
1295 2797 1299 2812 ,

132 2839 295 2905 tdrSclrol.
310 2841 509 2922 Thucydidis
534 2843 576 2904 ad
604 2842 684 2905 illud
711 2842 951 2924 explicandum.
996 2840 1090 2923 Saepe
1105 2840 1247 2904 Noster:

132 2925 185 3007 arpi
198 2927 242 2990 τόν
257 2927 344 3012 ”Aps
359 2929 422 3008 ’ἔχει
438 2928 477 2990 τοὶ
490 2931 603 2990 πολλαί·
621 2933 660 2991 τοὶ
673 2928 776 2990 πολλοὶ
791 2931 1016 3012 τερατευόμενος·
1032 2932 1116 3010 ληρεῖ
1126 2928 1166 2990 ταὶ
1173 2940 1250 2990 πολ-

132 3014 172 3071 li·
185 3021 277 3086 γελῶν
293 3015 333 3076 τοὶ
348 3015 459 3076 πολλοὶ·
477 3019 554 3090 νῆμα
566 3018 810 3090 ἐπιπεπλεγμένον
829 3041 864 3088 γε
885 3014 924 3076 τό
935 3015 1047 3076 πολλοί,
1072 3032 1136 3076 non
1152 3014 1251 3078 aliter

132 3100 313 3179 rapiendum
330 3101 363 3165 in
378 3099 487 3164 Prom.
511 3122 544 3185 p.
559 3101 612 3164 32.
629 3121 660 3163 ν.
676 3099 729 3164 22.
747 3103 795 3164 vel
814 3101 916 3162 invito
942 3097 1077 3163 Clarias.
1093 3097 1131 3162 L.
1150 3099 1249 3164 Bos.”

131 3179 243 3250 Passim
258 3187 302 3249 τό
315 3187 430 3260 πολλοὶ,
452 3188 599 3251 adverbii
621 3207 716 3251 sensu
739 3187 877 3256 dictum.
898 3187 961 3248 viri
977 3186 1063 3250 docti
1079 3207 1251 3270 perperam

131 3269 327 3355 interpretati
339 3280 426 3336 sunt.
471 3270 613 3356 Longini
630 3272 758 3354 Fragm.
783 3294 816 3357 p.
836 3271 906 3337 194.
929 3273 969 3334 τό
990 3274 1093 3335 πολλοὶ
1116 3275 1169 3345 μὲν
1194 3281 1250 3337 τῶν

130 3363 208 3421 αὐτῶν
223 3359 379 3434 δογμάτων
395 3362 542 3439 ἐχόμενος.
587 3357 761 3443 Interpres,
788 3361 895 3423 minus
906 3360 1105 3422 intellectam
1120 3361 1197 3430 sibi,
1214 3365 1251 3424 ut

129 3442 257 3518 ridetur,
294 3443 514 3509 adverbialem
538 3446 734 3511 locutionem
764 3448 863 3530 plane
895 3446 1105 3528 praeteriens:
1139 3446 1252 3512 eodem

131 3527 245 3612 quidem
273 3527 370 3594 babet
397 3541 427 3596 et
453 3532 583 3618 enponit
613 3533 774 3618 dogmata.
832 3530 919 3595 Vere
947 3529 1096 3614 Toupius
1123 3554 1158 3617 p.
1175 3533 1251 3598 395.

130 3623 147 3650 “
162 3621 197 3677 τὰ
218 3617 327 3679 πολλοὶ
347 3622 397 3680 est
414 3617 537 3703 plerum
601 3669 608 3682 .
664 3617 772 3692 Quare
801 3619 891 3683 locus
910 3620 958 3679 ita
980 3620 1152 3682 vertendus
1176 3629 1246 3685 est:

126 3697 302 3790 plerumque
327 3701 437 3767 eadem
462 3639 623 3791 onpbumo
647 3705 828 3791 dogmata.”
881 3703 1004 3767 Addita
1033 3705 1074 3768 ad
1101 3709 1167 3770 vim
1194 3727 1251 3770 au-

130 3790 258 3864 gendam
290 3809 322 3850 v.
349 3791 449 3852 πάντα
475 3789 659 3856 Herodotus
685 3795 708 3855 i.
737 3815 766 3856 c.
790 3791 865 3855 203.
890 3789 928 3852 τό
957 3791 1251 3856 nominationis?

131 3872 190 3937 itm
204 3877 309 3958 ἀγρίης
326 3874 444 3956 ζώοντα.
468 3879 525 3942 ubi
542 3874 706 3962 Interpres
727 3897 791 3942 non
808 3878 912 3957 magis
927 3877 1069 3940 attendit
1083 3879 1254 3942 adverbia·

130 3957 183 4021 lem
197 3961 488 4042 significationem.
532 3961 622 4028 Idem
638 3966 673 4028 ii.
696 3986 725 4030 c.
740 3964 795 4027 35.
818 3964 857 4026 τό
878 3962 981 4024 πολλοὶ
1005 3964 1105 4026 πάντα
1127 3966 1254 4039 ἔμπαλιν

129 4050 190 4106 τοῖσι
218 4045 334 4110 ἄλλοισι
362 4046 529 4133 ἀνθρώποισι
558 4051 713 4118 ἐστήσαντο
738 4048 813 4117 iibri
835 4075 867 4111 τε
889 4047 937 4110 nai
959 4051 1067 4124 νόμους.
1090 4053 1146 4115 ubi
1172 4054 1251 4128 ilem

129 4130 285 4198 desideres
308 4132 503 4220 Interpretis
527 4141 678 4222 ἀκρίβειαν.
701 4138 758 4200 111).
776 4157 807 4198 v.
830 4155 903 4220 cap.
925 4133 976 4198 67.
1000 4137 1167 4220 probanda
1181 4144 1254 4202 erat

129 4219 301 4284 multorum
318 4221 416 4286 lectio
430 4223 597 4286 codicum:
620 4224 663 4286 ὅτι
682 4221 811 4308 Ἀργεῖοί
824 4248 864 4302 τε
889 4221 937 4285 καὶ
952 4219 1065 4307 ’Ἄργος
1089 4222 1128 4286 τοὶ
1150 4224 1254 4290 πολλοὶ

128 4305 220 4368 πάντα
236 4310 391 4380 ὑμνέαται.
415 4307 584 4394 Sensum]
630 4310 870 4393 Aristophanes
885 4309 1020 4393 Lysistr.
1035 4328 1066 4371 v.
1082 4306 1154 4372 818.

247 4391 363 4458 Πολλοὶ
377 4399 609 4484 καταρασάμενος
621 4395 731 4483 ἀνδράσι
745 4401 881 4483 πονηροῖς.

231 4637 249 4710 ,4
267 4642 362 4698 Maut.
372 4645 431 4700 xiii.
442 4650 466 4699 8.
483 4647 523 4700 nal
534 4647 641 4702 tatem
650 4647 724 4704 αῦσιῖς
733 4647 822 4700 τιλλέ.
835 4646 864 4700 it.
875 4645 956 4699 Murs-
966 4644 985 4698 i.
996 4648 1038 4699 4⁵.
1053 4643 1144 4698 Μιοιι.
