3117 5175
416 469 465 532 m
486 468 640 534 camon
659 447 830 534 mucor.
986 464 989 473 ’
1132 453 1191 521 181

66 630 198 700 latinos
211 651 327 700 nomen
342 634 445 704 instar
498 640 615 706 Paullo
628 643 697 706 alia
711 643 798 711 ratio
818 639 869 704 est
888 634 951 700 loci
967 628 1139 716 Sophoclei
1154 629 1191 694 in

66 719 165 799 Ajace
185 740 214 784 v.
243 721 314 786 172.
330 719 379 788 Ἦ
402 727 439 809 ῥά
462 753 490 790 σε
515 731 680 814 ταυροπύλα
705 725 942 809 ΔιδςἊρτεμις
959 719 1098 804 ‘stul-40⁵
1119 741 1191 780 W·

66 803 170 877 δα’μους
182 806 228 870 ἐπὶ
241 813 310 881 βοῦς
324 813 476 888 ἀγελαίας,
490 810 541 876 Ἤ
556 818 618 890 aiod,
626 841 697 878 τινος
710 817 788 876 νίιιας
807 813 976 894 ἅκιίρτυιτον
993 808 1090 889 >titillo
1105 799 1193 887 ’Hi‘

63 898 174 954 ιιλυτῶν
191 895 300 977 ἐνάρων,
324 893 486 972 ¹i‘errobsio’,
502 899 613 983 ἅδύροις
628 900 678 962 εἴτ’
699 897 915 980 ἐλαφυβολίαις·
935 889 981 954 ‘O
992 885 1193 973 χαλκοδύραξ

63 973 82 1046 ἐν’
97 979 146 1038 τιν’
167 975 316 1043 Ἐνυάλιος
330 978 465 1063 Μομφιὶν
480 987 557 1065 ’ἔχων
571 987 662 1050 'avios
677 983 764 1069 δορὸς,
789 984 923 1063 ἐννυχίοις
935 982 1088 1059 μαχαναῖς
1107 971 1192 1035 Ἑτέ-

62 1087 130 1124 σιιτο
145 1069 267 1139 λωβάνς
289 1062 340 1130 Ita
355 1067 408 1130 hic
421 1071 511 1133 locus
525 1071 717 1134 scribendus
742 1069 890 1133 videtur:
912 1066 996 1130 male
1010 1066 1107 1144 vulgo
1121 1055 1141 1126 t
1154 1061 1193 1143 ῥα

60 1153 172 1212 ιιλυτιῗιν
199 1153 297 1236 ἐνάρων
312 1150 473 1226 ψευσθεῖσα
492 1154 594 1240 δύροις,
616 1163 650 1220 et
664 1155 683 1224 ἢ
698 1151 918 1238 χαλκοδύραξί
941 1170 1079 1234 quorum
1099 1149 1191 1223 45⁰⁶·
1304 1202 1306 1205 ·

58 1230 142 1314 isid,
164 1235 277 1318 ᾰδύροις
299 1239 484 1304 emendatio
506 1248 557 1304 est
582 1239 778 1324 Musgravii.
824 1237 888 1304 Sed
912 1240 1012 1303 etiam
1037 1235 1057 1303 ii
1081 1238 1130 1320 ῥα,
1152 1239 1191 1297 ut

56 1321 266 1396 inusitatum,
275 1325 347 1388 tolli
358 1325 511 1389 debebat.
526 1324 612 1412 Ἧρα
625 1337 739 1392 κλοιῶν
753 1327 852 1411 ἐνάρων
867 1330 917 1389 est
931 1324 1020 1387 idem
1033 1322 1120 1404 quod
1129 1322 1191 1403 χύ-

52 1433 104 1490 ριι,
129 1412 167 1472 ut
180 1407 236 1495 ἦρα
250 1408 405 1490 φιλοξενίας
419 1431 438 1474 e
453 1411 663 1478 Valckenarii
686 1414 913 1478 emendatione
937 1411 973 1474 in
994 1407 1189 1474 Callimachi
1297 1439 1301 1444 -

55 1492 256 1574 fragm-'AL
287 1494 478 1562 Johnsonus
503 1501 708 1564 scribendum
733 1501 874 1584 putabat
899 1499 1081 1580 ἅναρπύτου.
1138 1490 1262 1560 118175

54 1581 144 1664 χάριν
158 1581 284 1646 dictum
297 1590 396 1659 esset,
419 1592 456 1649 ut
480 1586 514 1648 in
539 1587 618 1650 locis
634 1606 735 1669 supra
748 1587 871 1663 allatis,
893 1581 935 1646 de
949 1583 1099 1666 praemio,
1123 1602 1191 1663 quo

54 1663 171 1729 Diana
199 1665 335 1749 Ajacem
362 1679 448 1735 esset
476 1678 695 1736 remunerata.
742 1671 838 1745 Quod
865 1676 994 1734 servato
1022 1671 1192 1754 ἀκέραστοι

51 1751 126 1814 fieri
151 1757 279 1835 nequit,
300 1757 358 1820 ubi
380 1759 466 1843 χάριν
496 1766 595 1840 poeta
616 1759 696 1823 dicit
716 1758 757 1822 de
779 1758 916 1841 praemio
936 1757 980 1819 ab
1001 1755 1103 1837 Ajace
1124 1774 1192 1834 non
1284 1817 1289 1822 .

49 1837 135 1901 dato
160 1837 289 1904 Dianae.
333 1839 421 1906 Nam
443 1845 604 1928 enallage,
628 1864 728 1927 quam
756 1846 853 1926 fingit
882 1841 1107 1924 Musgrarius,
1134 1843 1193 1906 ad·

50 1927 148 1988 mitti
186 1946 251 1990 non
279 1933 412 2010 potest:
447 1949 548 2011 quam
582 1933 721 2014 figuram
750 1932 885 1994 omnino
914 1929 1193 2013 operaepretium

48 2011 184 2075 faceret
206 2014 265 2094 qui
286 2015 465 2080 artioribus
486 2019 606 2082 linibus
630 2018 924 2083 circumscriberet.
965 2013 1061 2088 Quod
1083 2016 1110 2079 si
1135 2013 1193 2099 lea

48 2103 173 2160 κλοιῶν
190 2101 289 2182 ἐνάρων
309 2101 478 2178 scribitur,
501 2104 584 2168 nihil
606 2105 757 2170 relictum
783 2110 836 2168 est
858 2102 1069 2186 difficultatis.
1112 2099 1193 2164 Jam

48 2185 145 2248 enim
164 2184 327 2258 ψευσθεῖσα
352 2190 429 2252 νίκας
444 2191 611 2272 αἰιάρπυτον
633 2193 718 2276 χάριν
739 2190 905 2272 jungitur,
924 2185 1038 2260 idest,
1062 2184 1193 2335 (ξερταιν

48 2270 135 2334 data
147 2267 268 2356 fructu
282 2271 434 2348 victorico,
458 2276 635 2356 etquidem
651 2273 706 2361 ἐρα
721 2283 835 2340 enardi
849 2277 961 2359 ἐνάρων,
981 2271 1021 2337 ob
1034 2293 1070 2358 sp
1102 2269 1139 2335 ιὐι
1151 2270 1193 2334 ab

48 2355 161 2444 Ajaoe
178 2356 306 2422 amulo
321 2359 385 2424 deae
397 2357 521 2426 relatu..
556 2359 607 2426 lta
621 2359 807 2445 Xenophon
820 2360 928 2423 Anab.
944 2358 979 2420 ii.
1002 2357 1035 2435 2,
1055 2357 1104 2420 13.
1132 2355 1194 2420 ἐπεὶ

43 2449 106 2529 ’γαρ
131 2445 232 2528 ιέιμέςα
254 2447 375 2520 ἐγένετο,
397 2450 556 2528 ἐπορεύοντο
578 2451 604 2510 ἐν
626 2445 702 2529 δεξιᾷ
723 2449 841 2528 ’ἔχοντες
861 2443 910 2507 aba
931 2443 1020 2521 ἥλιον,
1042 2443 1195 2526 λονιζὸμε·

45 2557 85 2594 νοι
111 2529 195 2607 ἥξειν
218 2530 282 2605 ἅμα
303 2533 376 2617 ἡλίῳ
396 2529 499 2596 δύνοντι
521 2535 560 2596 εἰς
583 2535 684 2605 κύμας
707 2537 761 2600 τῆς
786 2530 975 2605 Βαβυλωνίας
999 2533 1111 2613 χώρας·
1144 2527 1193 2592 καὶ

45 2626 139 2682 τοῦτο
156 2618 214 2691 μὲν
227 2622 278 2680 oda
292 2616 486 2693 ἐψεύσθησαν.
533 2616 597 2682 Hic
611 2637 742 2700 quoque
766 2620 839 2681 duae
859 2617 1068 2698 loquutiones
1082 2618 1196 2681 mixtae

45 2710 145 2780 sunt,
171 2722 241 2767 11118
256 2702 418 2777 ψευσδεῖσα
431 2712 467 2769 et
480 2708 531 2768 οὐκ
546 2701 742 2779 ἐψεύσθησαν,
765 2705 872 2768 altera
886 2704 1031 2778 ἐψεύσατο
1053 2706 1139 2790 χάριν
1160 2708 1195 2767 et

41 2796 96 2855 οὐκ
114 2791 285 2863 ἐψεύσαντο
298 2798 395 2855 τοῦτο.

88 2876 113 2941 J
116 2896 180 2940 am
197 2875 339 2955 denique
355 2876 531 2941 secundam
545 2876 714 2941 rideamus
735 2876 913 2941 accusativi
936 2876 1113 2940 adhibendi
1127 2875 1195 2939 for·
1312 2953 1317 2965 .

41 2984 159 3037 mam,
186 2980 261 3041 quae
283 2981 349 3026 non
377 2970 427 3027 est
453 2965 486 3027 in
515 2966 770 3029 commutatione
799 2963 1001 3027 diversarum
1029 2963 1195 3045 loquutio-

39 3071 147 3123 num,
174 3046 236 3111 sed
262 3048 295 3111 in
322 3050 520 3133 aposiopesi.
566 3048 675 3133 HuJus
690 3049 819 3132 generis
841 3050 950 3114 nescio
973 3068 1016 3113 sn
1030 3051 1087 3113 rix
1104 3049 1197 3112 aliud

39 3138 162 3223 possit
179 3135 367 3216 exemplum
381 3138 534 3218 proferri,
557 3155 657 3217 quam
669 3139 786 3211 ννιύμνν
800 3135 884 3211 ἐμὴν,
906 3142 1196 3200 commemoratum

37 3246 76 3309 p.
93 3220 186 3287 449.
214 3219 455 3304 Aristophanes
469 3225 503 3287 in
519 3220 605 3287 Pace
619 3242 649 3285 ν.
672 3220 748 3287 232.
788 3220 879 3283 Ἀλλ’
893 3218 960 3293 εἶμι·
984 3220 1032 3283 καὶ
1054 3222 1110 3306 γὰρ
1126 3219 1195 3297 ἐξιέ-

38 3338 100 3384 aar,
127 3310 256 3384 'rodum
271 3307 355 3382 ipit,
373 3306 499 3371 Μέλλει.
543 3305 634 3373 Idem
648 3312 683 3372 in
697 3306 934 3375 Ecclesiazusis
949 3328 978 3372 ν.
989 3306 1068 3371 348.
1091 3307 1132 3370 A.
1154 3304 1197 3372 Τι’
1206 3311 1266 3379 176

38 3398 110 3465 δῆτ’
146 3392 185 3459 ἂν
217 3392 283 3467 eim
313 3400 376 3465 μῶν
401 3396 445 3457 ἐπ’
475 3392 584 3495 ἄριστον
609 3397 681 3469 ’γυνὴ
710 3392 860 3459 Κέκλιιιιεν
887 3393 980 3461 αύτέιν
1005 3400 1061 3457 τῶν
1086 3396 1194 3475 φίλους

37 3483 79 3547 Β.
99 3480 135 3546 Γ
136 3484 243 3553 νούμιον
259 3482 287 3553 γ’
299 3480 387 3567 ἐμήν.
432 3477 474 3544 Et
489 3500 524 3545 ln
537 3480 657 3564 Vespis
678 3478 752 3546 983.
775 3478 856 3553 Ἕνα)
871 3479 928 3564 νοὶρ
942 3479 1124 3565 ἀπεδάκρυσα
1138 3488 1195 3547 rior:

35 3573 173 3647 γνώμαν
191 3566 278 3645 ἐμέν,
301 3564 378 3629 Οὐδ’
392 3564 425 3630 ἄν
440 3571 511 3631 ποτέ
524 3570 551 3643 γ’
568 3574 635 3631 ἀλλ’
645 3568 670 3637 ,ἢ
685 3572 738 3635 τῆς
750 3569 844 3647 φακῆς
857 3569 1068 3640 πεπλασμένος.
1106 3564 1197 3639 Quid

35 3659 156 3721 vero?
194 3670 277 3717 num
306 3652 391 3717 hanc
415 3656 519 3718 solam
548 3655 590 3718 de
622 3661 673 3719 tot
705 3652 977 3738 praepositionum
1012 3651 1194 3735 ellipsibus',

32 3763 127 3825 quas
159 3738 375 3805 ostendimus
403 3746 525 3804 temere
554 3740 647 3805 fictas
671 3741 787 3818 fuisse,
818 3737 1057 3803 admittemus?
1089 3735 1196 3805 Immo
1303 3754 1307 3757 ’

32 3838 184 3895 tantum
205 3826 314 3895 abest,
337 3832 375 3889 ut
400 3826 454 3891 hic
477 3830 646 3893 commode
661 3826 811 3891 rideatur
831 3824 909 3887 κατὰ
930 3825 1069 3906 intelligi
1084 3844 1195 3909 posse,

29 3925 74 3983 ut
93 3916 126 3979 si
146 3912 237 3977 κατὰ
258 3911 447 3995 adjiciatur,
470 3932 584 3978 sensus
599 3916 694 3995 longe
709 3913 794 3977 alius
816 3930 971 3975 evasurus
995 3913 1059 3975 sit:
1082 3932 1194 3993 quem·

29 4002 238 4069 admodum
259 3999 348 4081 apud
373 3995 563 4083 Euripidem
584 4002 620 4065 in
644 3997 877 4064 Andromacha
897 4019 928 4062 ν.
953 3996 1029 4062 738.
1047 3995 1149 4061 “Oeae
1164 3997 1195 4060 δὲ

30 4092 133 4155 aasz?
161 4082 215 4147 θῶ
239 4085 317 4147 κατοὶ
337 4088 453 4160 ννύμαιν
486 4085 570 4163 ἐμέιν,
588 4084 689 4163 “Hirta
742 4082 817 4158 Quo
843 4086 949 4167 magis
974 4086 1130 4156 adducor,
1156 4088 1195 4145 ut

25 4180 168 4253 γνώμην
188 4168 266 4242 ἐμὴν
279 4189 339 4252 per
353 4172 562 4257 aposiopesin
584 4173 648 4239 dici
664 4180 778 4257 putem
796 4192 858 4257 pro
871 4174 987 4247 ννύμινν
1002 4171 1075 4244 ἐμὴν
1089 4171 1195 4242 λέγειν,

25 4272 69 4328 ut
102 4257 244 4328 dicam.
266 4256 351 4341 quod
377 4258 489 4326 centio.
544 4258 634 4324 Nam
659 4260 759 4325 etiam
779 4259 1006 4330 alibisimilis
1031 4256 1196 4319 invenitur

26 4343 283 4435 aposiopesis,
304 4351 342 4409 ut
360 4346 448 4430 apud
469 4344 727 4430 Aristophanem
743 4348 778 4409 in
792 4344 918 4408 Avibus
933 4365 965 4408 ν.
981 4337 1056 4405 274.
1080 4338 1194 4416 Οὗτος,

27 4437 111 4501 ὦσέ
130 4456 197 4495 τοι.
244 4426 286 4505 Et
307 4434 394 4516 apud
418 4430 613 4516 Sophoclem
639 4434 674 4498 in
700 4433 869 4515 Antigona
881 4452 913 4495 r.
929 4426 1004 4492 441.
1028 4425 1068 4491 Σὲ
1091 4425 1141 4502 tl,
1164 4428 1195 4491 σὲ

25 4524 91 4591 τὴν
122 4522 269 4585 νεύουσαν
291 4519 318 4582 ἐς
339 4518 420 4584 πέδον
450 4522 535 4606 κάρα,
560 4517 637 4607 Φῂς,
658 4520 677 4589 l
697 4524 833 4605 καταρνεῖ
848 4518 893 4595 μδ
922 4515 1079 4600 δεδρακέναι
1101 4513 1194 4588 τάδες

24 4610 157 4675 Erunt
173 4604 336 4681 fortasse,
360 4606 417 4687 qui
439 4608 546 4671 simile
571 4607 761 4692 perfugium
787 4603 997 4688 quaerendum
1018 4605 1135 4686 putant
1159 4602 1198 4665 in

22 4690 251 4788 participiis
274 4690 347 4777 ἐξὸν,
368 4691 470 4781 παρὸν,
492 4692 587 4777 δόξαν,
608 4696 759 4783 εἰρημένον,
779 4692 946 4783 ἀρξάμενον,
967 4695 1001 4759 et
1025 4692 1198 4775 (1118811111
