3117 5175
342 435 401 504 136
599 441 842 532 i’LEONASMI
863 441 1049 505 PLURIUM
1066 441 1205 504 vocuu.

341 615 500 688 ridentur,
522 618 582 678 eut
596 614 824 697 vituperantur
838 611 901 683 illi,
923 610 967 673 sd
988 628 1070 690 quos
1089 617 1237 690 venerant,
1254 616 1322 695 qood
1336 619 1394 686 nihil
1479 646 1480 659 ¹

341 702 552 786 proiecerunt
566 717 671 780 neque
696 698 739 761 ad
761 699 845 762 elios
860 697 952 760 abire
966 701 1141 780 potuerunt
1159 701 1268 763 consilii
1291 709 1330 766 eut
1342 709 1394 789 opis

341 788 492 872 petendae
515 805 627 858 cause,
663 790 763 867 etque
795 785 857 848 hoc
883 803 986 848 unum
1011 783 1165 846 commodi
1183 785 1395 867 obtinuerimus

344 875 409 938 sibi
435 873 568 936 domurn
596 871 702 935 redire
739 872 860 936 liceret.
904 867 1050 934 Facilius
1082 869 1148 932 haec
1172 871 1272 935 sentiri
1293 885 1395 954 mmet,

343 977 449 1040 quem¹
458 959 626 1042 explicari.
671 958 723 1020 Ad
737 964 913 1039 utrumque
927 962 1040 1020 eutem
1058 955 1221 1020 consilium
1236 957 1396 1043 iecereposss

345 1045 589 1111 multitudinem
603 1043 790 1118 verborum,
805 1046 906 1109 etiem
927 1042 1135 1107 mediocriter
1154 1041 1336 1124 intelligentes
1350 1066 1397 1111 m.

263 1187 266 1203 .
345 1133 446 1198 tiunt.
489 1129 540 1194 Ad
555 1131 776 1196 definitionem
792 1133 827 1195 in
843 1129 931 1210 leeg.
953 1130 984 1214 ξ.
1005 1129 1037 1194 3.
1052 1129 1399 1214 propositsrplectosisb,

346 1217 377 1282 si
392 1215 569 1289 videbitur,
591 1237 651 1301 per
666 1236 701 1280 se
715 1218 846 1282 referet.
891 1216 958 1280 Sed
970 1223 1083 1280 temen
1098 1217 1126 1279 si
1138 1235 1193 1299 per
1204 1214 1230 1298 ξ.
1252 1213 1278 1278 8.
1296 1212 1401 1298 Isegugs
1481 1254 1482 1307 p

346 1304 424 1369 licet
438 1303 529 1386 (nem
542 1305 690 1385 integras
706 1304 887 1368 sententies
902 1304 978 1368 eliis
991 1303 1142 1386 relique)
1164 1301 1228 1364 hec
1239 1300 1316 1364 eddo.
1345 1301 1402 1367 Con

327 1429 332 1439 ι
347 1392 430 1455 setis
443 1397 536 1468 esset,
552 1387 856 1456 demessuimus
870 1389 961 1472 (nam
976 1387 1085 1487 abitus
1096 1389 1165 1470 J'em
1179 1388 1256 1485 inest
1267 1385 1403 1472 inretitus

347 1471 1405 1648 hillllllllslllsu‘dttlillttltllllt
1482 1504 1483 1529 ¹

346 1649 433 1714 unde
444 1656 622 1722 venerunts
644 1668 718 1731 quse
732 1651 911 1734 plurimum
934 1655 992 1712 eut
1005 1648 1129 1732 leporis
1150 1646 1262 1709 hebent
1281 1645 1408 1708 adieritis

348 1756 437 1811 nem,
459 1739 518 1799 eut
541 1735 715 1816 gravitatis
743 1737 785 1800 ed
808 1736 1138 1800 commiserationem.
1183 1728 1256 1796 Hvec
1279 1737 1411 1810 ugount

348 1842 423 1904 quae
439 1821 598 1886 secedunt
610 1820 651 1885 ed
668 1823 867 1887 sententiam
884 1840 942 1906 pro
957 1819 1214 1906 ceptupopulari
1226 1818 1344 1902 plenem,
1355 1818 1411 1879 sicot

348 1909 385 1972 in
410 1905 548 1990 isagoge
573 1908 808 1974 demonstravi.
852 1908 970 1989 Neque
995 1927 1073 1974 vero
1095 1904 1208 1971 Cicero
1228 1902 1364 1988 putandus
1381 1907 1414 1964 est

349 1995 437 2059 serio
458 1994 707 2076 reprehendisse
739 1993 902 2067 Hirtium,
935 1995 1025 2077 quod
1051 1993 1133 2058 ibid.
1163 1997 1268 2054 narret
1288 1986 1413 2060 Quintilis·

289 2123 291 2134 ι
349 2101 421 2145 nus.
466 2078 550 2144 Cum
564 2083 652 2144 euim
669 2081 704 2145 in
718 2082 956 2146 declamatione
971 2081 1123 2153 dixisset,
1140 2073 1248 2161 fitium
1265 2082 1371 2171 omotre
1383 2071 1415 2136 de

349 2187 417 2231 cem
443 2164 602 2230 meroribus
626 2164 663 2229 in
683 2175 772 2231 utero
795 2165 899 2232 latum
920 2185 1005 2240 esse‚·
1038 2163 1166 2241 Cicero,
1188 2160 1292 2236 Quid?
1308 2158 1371 2232 nite,
1384 2161 1416 2221 in·
1484 2247 1485 2250 Ἴ

348 2254 435 2332 quit,
451 2247 733 2334 teponniacum
745 2251 861 2339 serre?
902 2251 1041 2317 Jocatus
1054 2260 1184 2316 tentum
1199 2268 1265 2313 esse
1277 2247 1417 2314 videtnnot

349 2338 433 2400 scite
453 2339 581 2400 ratione
595 2338 814 2420 experiretur,
837 2359 915 2403 num
930 2340 1013 2402 setis
1028 2357 1064 2402 se
1079 2335 1251 2401 defendere
1270 2335 1351 2397 sciret
1368 2328 1418 2392 liir·

350 2424 430 2486 tius.
472 2419 556 2486 Eum
570 2429 684 2488 contre
698 2425 797 2488 istem
808 2426 1052 2490 cavillationem
1067 2424 1246 2488 detendunt
1255 2422 1412 2500 interpretes.

392 2507 471 2582 Sed,
494 2510 582 2590 quod
595 2509 700 2593 magis
716 2511 757 2574 ad
773 2531 833 2575 nos
846 2512 1003 2596 pertinet,
1022 2513 1190 2597 vituperet
1210 2505 1358 2572 Pletonen
1372 2501 1422 2597 bis
1485 2568 1487 2608 Ι

351 2597 463 2677 nysius
479 2594 578 2661 Helie
591 2598 625 2661 in
641 2616 691 2681 ep.
717 2600 758 2661 ed
771 2597 977 2683 Pompeium,
1004 2601 1067 2664 vol.
1086 2601 1123 2664 ii.
1146 2618 1180 2679 p.
1211 2594 1276 2660 127.
1294 2591 1373 2674 quod·
1387 2585 1423 2649 ⁸⁶¹

349 2682 524 2747 sententiae
534 2692 676 2768 oporteat
690 2683 727 2748 ιἰι
736 2704 846 2770 peuce
858 2685 952 2751 verbo
968 2684 1054 2770 cogi,
1075 2684 1116 2757 ιἰι
1126 2673 1425 2779 drmdtiomeffode

351 2778 405 2833 tur
427 2768 570 2841 istsot'tus,
586 2769 758 2855 etcopiose
778 2770 1084 2837 eetmmlnenem
1106 2777 1257 2837 ostentet:
1277 2758 1424 2847 modieis

351 2854 409 2919 δέοι
431 2857 459 2919 ἐν
485 2858 590 2930 ὀλίγοις
615 2858 757 2931 ὀνόμασιν,
784 2861 916 2940 ἐκχεῖται
941 2859 998 2942 (sc
1018 2860 1038 2925 ri
1060 2856 1241 2922 Πλατωνικὴ
1259 2849 1390 2930 immoti
1403 2846 1426 2907 ⁵⁸⁶

351 2941 555 3027 ἀπειροκάλους
564 2944 750 3027 περιφράσεις,
768 2952 892 3009 πλοῦτοι
902 2947 1048 3019 ὀνομάτων
1062 2944 1270 3017 ἐπιδεικνυμένη
1281 2938 1351 3001 κενόν·
1383 2930 1427 2996 H&

347 3028 512 3111 iudicium
526 3028 567 3090 de
586 3030 677 3093 inani
691 3032 789 3113 copie
803 3033 943 3114 probare
959 3034 1037 3114 quis
1049 3039 1175 3115 potest,
1196 3026 1288 3093 modo
1300 3043 1338 3088 ne
1347 3019 1429 3117 inteil-

351 3123 411 3197 get
425 3116 526 3178 verbe
552 3116 634 3179 nihil
659 3118 891 3197 significantia,
912 3120 970 3181 sed
983 3119 1098 3202 penho
1117 3116 1307 3202 copiosiore,
1327 3121 1429 3190 quaml!

351 3202 502 3266 oratione
528 3201 715 3284 philosophi
736 3210 770 3267 et
787 3206 932 3269 maxime
959 3204 994 3268 in
1015 3204 1152 3287 dialogo
1165 3202 1290 3294 probes,
1307 3194 1432 3277 metim

354 3287 541 3369 spectantis
554 3286 597 3349 ed
611 3286 753 3365 inanem,
768 3290 802 3353 id
817 3284 878 3370 est,
899 3290 1053 3355 leviorem
1064 3290 1273 3373 eloquentie,
1289 3278 1434 3365 quarente

352 3374 474 3437 riorem
503 3372 676 3455 sapienties
700 3376 840 3440 laudem.
900 3375 1011 3441 Multo
1039 3385 1156 3443 eutem
1184 3378 1289 3439 minus
1308 3366 1434 3460 verborum¹

351 3458 451 3541 copie
467 3458 500 3523 in
516 3458 582 3523 illis
597 3462 814 3545 scriptoribus
828 3464 1044 3547 improbanda
1062 3469 1129 3537 est,
1151 3465 1209 3546 qui
1229 3450 1436 3525 merimuth

351 3546 483 3609 leudem
498 3563 539 3608 ex
556 3546 681 3612 artibus
696 3548 826 3613 dicendi
842 3558 1053 3634 pepererunt.
1098 3548 1189 3616 Nem
1202 3548 1264 3611 etsi
1285 3562 1343 3609 non
1359 3552 1437 3639 oum

353 3635 414 3697 eut
442 3632 563 3712 ubique
590 3634 791 3715 ponderibus
813 3638 987 3702 verborum
1014 3645 1168 3711 utuntur,
1189 3642 1295 3700 temen
1317 3627 1383 3695 nihl
1403 3642 1438 3705 lt

353 3724 450 3792 nunt,
474 3718 509 3782 in
524 3737 592 3800 quo
606 3738 672 3785 non
695 3723 739 3785 sit
764 3721 893 3803 aliquid
919 3726 1090 3790 momenti.
1137 3722 1213 3788 Hoc
1233 3721 1313 3785 idem
1331 3708 1438 3779 veleb

355 3804 545 3879 sententiis,
572 3824 645 3887 quse
662 3828 748 3890 seepe
769 3810 858 3873 leves
871 3818 950 3875 sunt
963 3813 998 3874 iu
1020 3810 1179 3895 speciem,
1207 3794 1440 3873 sedceterisnvi

354 3895 425 3955 tum
456 3895 614 3956 momenti
644 3893 796 3959 afferunt.
841 3893 931 3960 Telis
959 3904 1011 3960 est
1038 3916 1094 3982 ep.
1125 3894 1369 3960 Demosthenem
1389 3882 1441 3945 εἴτι

356 3982 482 4053 piretro:
507 3985 546 4043 tlt
571 3977 647 4043 Cor.
662 4000 688 4044 c.
711 3980 764 4045 53.
796 3978 893 4047 Ἧκεν
907 3982 1111 4067 (thimoete)
1135 3984 1217 4065 ’ἔχων
1228 3977 1398 4050 estesse,
1412 3965 1443 4029 ¹⁸3
1485 4041 1486 4058 ,

356 4064 410 4129 riv
423 4062 581 4130 Ἐλάτειαν
606 4069 780 4142 κατέλαβεν,
801 4070 839 4131 ὣς
863 4068 918 4132 olt'
934 4067 980 4144 ἂν,
1006 4070 1087 4132 eim
1107 4096 1162 4143 m,
1188 4071 1232 4133 ’ἔτι
1262 4059 1443 4138 mmm
1485 4069 1486 4130 i

357 4152 437 4221 ὑμῶν
460 4150 508 4213 καὶ
531 4158 587 4217 τῶν
612 4150 768 4227 Θηβαίων.
828 4152 980 4221 Occurrit
1006 4162 1039 4221 et
1058 4178 1089 4222 c·
1119 4153 1258 4241 Iaeptin.
1279 4170 1312 4236 p·
1338 4145 1396 4211 ilfi·
1411 4138 1443 4204 ὦ

352 4232 476 4301 Wolfii.
523 4247 546 4277 ‘⁸
570 4237 682 4303 Dubie
696 4240 808 4312 sene,”
830 4242 940 4323 inquit
962 4243 1094 4323 Teylor,
1117 4253 1144 4281 ‘⁶
1170 4234 1357 4307 eenmnw
1373 4229 1444 4293 Sicut

354 4322 432 4387 aliis
461 4324 575 4389 multis
606 4326 709 4391 videri
735 4327 863 4401 debuit,
899 4334 937 4391 ut
965 4329 1131 4393 versiones
1154 4329 1287 4394 docent.
1337 4317 1392 4383 Sed
1410 4334 1445 4409 θ’)

354 4414 406 4471 est
431 4407 615 4494 quidquid:
637 4419 671 4476 et
695 4418 766 4476 tote
792 4415 956 4485 sententie
980 4418 1198 4498 negationem
1228 4414 1307 4479 lecit
1332 4404 1445 4489 gravies

351 4508 462 4556 mem:
485 4495 646 4583 quidquid
673 4498 825 4575 evenerit,
848 4502 919 4566 sive
1134 4491 1381 4588 ,opportunitas
1397 4500 1445 4586 φη·

350 4594 472 4673 meque
493 4601 584 4655 casus
611 4585 857 4659 reconciliante
889 4587 1042 4683 mnditia:
1184 4584 1305 4676 suerit,
1325 4596 1401 4671 quau
1421 4590 1446 4635 l?
