3117 5175
480 427 627 483 smnus
641 425 799 484 ruuumu
814 427 947 484 vocum.
1215 403 1280 474 507

282 585 306 621 ⁴⁴
328 577 460 646 -scds't
474 580 676 662 conspicue,
690 579 896 668 justissimus
908 600 995 648 snm
1118 607 1128 624 ⁴
1180 634 1184 644 ,

283 674 306 707 “
330 665 399 740 Qui
409 666 486 756 fuit
499 666 536 732 in
555 667 683 734 Teucris
697 679 730 734 et
741 667 997 736 servantiminms
1009 665 1103 755 equi.

282 762 306 794 ⁴⁴
329 747 698 820 Dtsatitercissm-a-
824 761 828 767 ’

160 848 184 881 “
198 835 264 903 Ubi
280 839 315 902 τὸ
329 839 436 914 aliter,
458 850 497 905 ut
510 849 597 907 recte
616 843 744 924 judicat
759 839 924 916 Glsrkius,
937 860 1004 905 non
1018 841 1160 909 refertur
1181 837 1223 901 ud
1236 839 1284 913 id,

160 936 182 967 “
199 925 287 1007 qnod
312 930 462 1010 proxime
486 931 666 1011 precessit,
700 947 815 1012 nempe
840 925 1061 1014 justissimum
1084 923 1197 1013 fuisse
1224 921 1284 988 Ri-

161 1021 182 1052 ‘⁴
195 1011 323 1098 pterim,
338 1013 395 1076 sed
407 1013 450 1076 sd
465 1013 512 1088 id,
526 1016 614 1094 quod
635 1015 877 1096 elegantissime
891 1014 1062 1086 reticetur,
1076 1010 1209 1099 focium
1221 1010 1285 1076 uti·
1346 1012 1348 1015 ’

155 1109 266 1249 “stolidi
282 1097 467 1251 oportup'ssc,
491 1098 584 1198 vulgi
596 1097 742 1252 p'udicip,
755 1110 805 1175 ut,
825 1098 883 1187 qui
889 1095 1095 1186 justissimo
1096 1095 1226 1186 suerat,
1240 1095 1285 1162 si-

161 1197 170 1226 ‘
276 1204 730 1252 cumocmsnonscenssc.

199 1275 221 1310 “
243 1268 314 1338 lmo
337 1274 399 1338 hoc
426 1272 656 1357 compendium
678 1271 832 1358 loquendi
858 1292 963 1355 neque
987 1272 1104 1336 solute
1127 1271 1288 1339 orationis

162 1359 374 1442 “scriptores
409 1359 498 1444 apud
541 1356 670 1424 Grecos
705 1379 868 1449 respuere,
904 1358 1165 1424 animadvertere
1200 1359 1287 1445 licet.

161 1442 300 1528 “Apud
324 1441 576 1530 Xenophontem
592 1444 800 1511 Memorabil.
829 1445 866 1511 ii.
893 1445 927 1521 7,
959 1443 1008 1511 14.
1032 1463 1133 1527 quum
1155 1445 1227 1509 ovis
1244 1446 1289 1510 sd

159 1538 182 1571 ⁴⁴
195 1532 325 1605 herum,
349 1533 414 1596 sibi
437 1533 559 1597 mirum
577 1534 694 1606 rideri,
708 1532 855 1611 dixisset,
879 1533 966 1614 quod
986 1532 1078 1597 canis
1093 1531 1209 1599 melior
1231 1532 1289 1608 sit,

157 1622 300 1699 “quum
313 1637 374 1682 sus
387 1618 553 1685 conditio:
577 1621 681 1694 csnis,
704 1618 747 1682 sai
771 1618 818 1692 μὰ
833 1617 912 1693 Δία,
943 1617 1128 1700 respondet,
1152 1619 1209 1692 ἐγῶ
1223 1622 1289 1704 ’γάρ

159 1713 181 1745 “
197 1707 256 1780 εἰμι
269 1707 285 1767 ὃ
299 1697 436 1780 aethnae
450 1705 542 1770 sort:
555 1706 662 1788 σώζων,
683 1704 754 1768 ὥστε
771 1704 850 1779 μήτε
865 1708 915 1770 ὑπ’
930 1702 1083 1790 ἀνθρώπων
1098 1703 1291 1779 κλέπτεσθαι,

160 1799 182 1829 “
196 1791 280 1880 urire
294 1789 349 1855 set
363 1795 456 1855 λύκων
469 1790 658 1878 ἁρπάζεσθαι.
681 1788 750 1855 Ubi
761 1796 837 1874 post
849 1792 962 1867 verbu,
974 1789 1018 1855 sai
1028 1789 1075 1864 μοὶ
1089 1789 1168 1865 Δία,
1182 1793 1291 1856 oratio

159 1885 182 1918 ⁴⁴
198 1877 362 1942 deiectius
384 1883 446 1941 est.
488 1877 715 1962 Supplendum
736 1878 844 1942 enim:
868 1876 960 1962 ὀρθῶς
984 1881 1079 1950 ποιεῦ
1102 1883 1137 1940 et
1160 1877 1203 1960 sd
1221 1879 1290 1943 hec

159 1972 182 2003 ‘⁴
198 1964 303 2112 ¹verbs
315 1963 397 2113 ἰΙὲυᾱ
406 1963 465 2114 gip
475 1965 694 2038 referendum,
702 1964 792 2048 quod
803 1966 960 2047 sequitur.
972 1963 1060 2030 conf.
1077 1959 1287 2030 Memorabii.

161 2057 184 2090 ⁴⁴
214 2050 262 2114 ib.
284 2050 320 2113 ii.
360 2051 436 2120 ,1.
688 2065 690 2071 “

199 2139 223 2174 “
236 2127 468 2202 Memorabilis
488 2154 617 2219 quoque
630 2137 820 2224 βραχυλογία
833 2136 923 2219 apud
936 2139 1073 2202 eundem
1087 2137 1291 2220 scriptorem,

159 2230 182 2261 ⁴⁴
197 2223 274 2286 scil.
303 2220 512 2287 Memorabil.
539 2224 575 2289 ii.
602 2224 635 2298 7,
662 2223 712 2289 12.
731 2223 883 2296 occurrit,
904 2243 1005 2305 quem
1027 2221 1097 2287 Cel.
1110 2220 1242 2289 Ernesti
1256 2226 1293 2289 iu

160 2316 184 2348 ‘⁴
201 2310 366 2392 subjectis
381 2309 431 2373 illi
445 2308 530 2374 libro
549 2311 829 2382 annotationibus,
850 2311 965 2392 paucis
987 2309 1053 2376 illis
1069 2310 1215 2392 quidem,
1236 2311 1295 2374 sed

158 2403 182 2434 ‘⁴
198 2395 406 2460 doctissimis
416 2401 451 2459 et
464 2396 662 2471 utilissimis,
686 2395 884 2462 observavit.
925 2393 975 2460 Ihi
996 2396 1225 2462 Aristarchus:
1249 2405 1294 2462 νῦν

157 2483 178 2518 “
197 2480 232 2544 δέ
243 2507 300 2556 μοι
314 2479 398 2555 δοκῶ,
420 2483 539 2563 inquit,
556 2486 594 2546 εἰς
611 2484 697 2568 ἔργων
718 2481 848 2580 ἀφορμὴν
869 2483 941 2546 αὐτὸ
954 2488 1083 2550 suthosa:
1107 2501 1192 2546 nunc
1217 2481 1298 2548 mihi
1395 2543 1397 2549 ,

161 2575 186 2608 “
201 2565 323 2633 videor
336 2567 380 2633 ud
391 2566 558 2635 murium
572 2590 672 2657 opere
691 2565 903 2656 nnmpiendae
923 2566 1168 2657 comparandos
1181 2566 1218 2633 id
1220 2567 1295 2657 fuc-

77 2668 81 2678 “
159 2662 181 2693 “
198 2664 312 2727 tessus,
333 2656 400 2719 scil.
426 2661 574 2719 mutuam
598 2658 772 2740 pecuniam
793 2660 991 2738 sumpturus.
1035 2654 1163 2729 Quibus
1189 2656 1298 2722 verbis

157 2744 179 2779 ‘⁴
193 2738 389 2823 Xenophon
404 2742 516 2805 stetim
530 2743 685 2824 subjicit:
705 2740 764 2805 Ἐκ
774 2744 881 2804 τούτων
895 2740 925 2804 δὲ
940 2740 1075 2828 ἐπορίσθη
1095 2742 1148 2815 μὲν
1166 2744 1295 2827 ἀφορμὴ,

160 2836 184 2867 “
202 2824 325 2897 ἐωνήθη
348 2826 377 2893 δὲ
398 2828 467 2912 ἔρια.
511 2828 597 2892 Ante
610 2848 685 2911 qus
697 2828 798 2893 verbs
812 2825 1010 2893 hauddubie
1023 2826 1299 2909 subintelligenda

162 2916 184 2952 ‘⁴
199 2920 285 2984 sunt
309 2912 399 2978 haec:
419 2911 594 3001 Digressus
616 2933 691 2999 ergo
706 2912 880 2987 oSocrcte,
902 2914 1074 2999 pecuniam
1093 2910 1207 2979 statim
1229 2933 1299 2978 mo·

161 3008 186 3041 ⁴⁴
205 2998 461 3085 momenmpsit.
507 2999 580 3075 Qua
600 2999 739 3088 pecunia
755 2997 1058 3084 stotimcomporatu
1072 2998 1151 3090 fuit
1164 2998 1300 3067 masma

162 3096 185 3129 ⁴⁴
202 3106 313 3175 opere
324 3084 549 3175 suropiccdc,
563 3097 676 3176 erepte
687 3086 771 3155 lonc
785 3086 868 3153 etc.’'
890 3083 1014 3152 husu.

685 3334 716 3421 §-
739 3332 798 3401 vr.

208 3483 406 3551 Occurrunt
419 3488 575 3568 preterea
588 3480 729 3568 Eliipses
743 3482 905 3569 plurime,
928 3501 1000 3565 que
1013 3501 1055 3547 ex
1078 3474 1233 3550 orationis
1253 3505 1302 3551 se·

161 3571 216 3639 rie
243 3570 399 3657 suppleri
419 3575 566 3654 possunt.
609 3568 769 3655 Exempla
793 3576 827 3636 et
846 3570 949 3635 sscris
970 3568 1104 3636 Litteris
1118 3573 1303 3657 ohservsvit

163 3658 323 3725 Doctiss.
340 3657 500 3731 Glsssius,
525 3657 583 3721 uhi
598 3658 666 3721 scil.
683 3676 760 3733 vox,
786 3677 859 3740 quae
874 3656 991 3736 deficit,
1012 3676 1054 3720 ex
1067 3658 1133 3721 slis
1144 3679 1233 3739 voce,
1251 3662 1303 3725 rei

160 3749 369 3829 conjugata,
385 3746 435 3845 vel
449 3746 624 3817 contraria,
650 3745 700 3807 vel
720 3746 862 3826 analoga
873 3750 908 3808 et
921 3744 1081 3808 correlats
1102 3747 1173 3846 erui
1195 3747 1303 3847 debet.

161 3830 360 4006 iiiiii
373 3831 434 3984 ii.
447 3830 1306 4017 nitidisnitiiiii.”iiiiirtiii{i
