3117 5175
402 410 643 475 PLEONASMI
664 410 1030 477 CONJUNC'PIONUM.
1230 410 1289 479 113

146 572 400 676 interrogationi
425 583 538 648 additu
568 583 846 666 suppeditandum
873 584 1002 666 aliquid
1026 581 1187 667 exposcit,
1202 644 1204 652 ,
1217 602 1284 664 quo

149 662 232 725 urhrl
249 666 393 749 amplius
406 670 527 733 debeat
540 670 674 750 requiri.
756 699 760 703 ·
1056 694 1057 699 ¹

150 831 157 846 ι
189 747 224 810 3.
248 749 360 830 Magis
378 757 534 819 notabilis
547 765 599 820 est
612 747 851 839 particularum
866 758 903 819 ds
916 752 972 840 alga
987 775 1079 828 neue,
1106 774 1171 820 non
1185 776 1279 821 rarus

146 832 215 907 ille,
230 838 289 899 eed
303 843 416 905 tumen
431 843 565 906 ebullis
579 861 645 905 non
660 843 741 905 sutis
752 840 1008 915 demonstratus,
1029 862 1095 925 quo
1108 847 1168 905 aut
1181 845 1280 927 plane

147 922 344 1002 repudietur
357 929 494 992 ulterius
509 929 673 992 sententia
689 928 738 990 uel
759 927 897 999 dictum,
919 932 978 990 eut
992 936 1080 992 certe
1095 928 1282 995 indubium

146 1015 295 1105 uocatur.
341 1010 405 1077 Hic
423 1031 502 1078 usne
520 1015 716 1078 brevitatem
728 1015 762 1075 et
774 1013 1048 1095 perspicuitatem
1072 1016 1203 1097 egregie
1225 1016 1281 1078 od·

143 1100 249 1190 purat.
294 1097 382 1163 Nom
404 1120 424 1164 e
446 1100 517 1165 eolo
547 1099 603 1186 ἄρα
627 1100 741 1163 statim
764 1100 962 1181 intelligitur
985 1100 1031 1175 id,
1052 1100 1140 1180 quod
1166 1106 1282 1166 auctor

143 1195 217 1255 Jum
237 1182 345 1247 dicere
374 1187 541 1269 ingressus
568 1192 632 1257 est,
667 1187 677 1248 i
719 1186 826 1248 iesse
847 1186 940 1249 valde
965 1194 1162 1270 suspectum.
1216 1184 1282 1257 De-

147 1266 267 1364 lnosth.
282 1290 313 1333 c.
327 1269 420 1357 lept.
438 1293 472 1356 p.
498 1294 540 1338 m.
562 1271 637 1336 260.
654 1268 669 1297 ”
701 1296 746 1332 στι
765 1273 855 1334 τοίνυν
875 1296 919 1333 τις
942 1274 1097 1357 πρόχειρος
1122 1275 1220 1347 λόγος,
1243 1277 1290 1337 ὦς’

146 1374 202 1431 upa
217 1353 349 1440 xalwap'
364 1360 432 1432 ἡμῖν
451 1357 497 1422 ἐπὶ
520 1366 575 1421 τῶν
599 1358 742 1443 προγόνων
764 1356 868 1419 πολλοὶ
890 1355 993 1430 ἀγαθαὶ
1015 1362 1189 1443 εἰργασμένοι
1211 1361 1283 1423 τινὲς

143 1434 251 1500 οὐδενὸς
278 1439 406 1517 ἥξιοῦντο
432 1448 581 1507 τοιούτου.
600 1492 609 1507 .
627 1440 731 1517 ,Ἐγὼ
756 1442 782 1503 δ’
808 1444 935 1517 ἡγοῦμαι
961 1450 1021 1508 etc.
1045 1452 1079 1507 et
1104 1464 1137 1527 p.
1152 1443 1226 1507 270.
1241 1466 1279 1508 ’8.

146 1515 315 1588 Kairenoi
329 1537 414 1593 τοῦτο
427 1535 520 1594 ἀκούω
536 1532 565 1593 σὲ
581 1535 684 1603 λέγειν,
708 1532 745 1591 ὣς
768 1526 824 1611 ἄρα
849 1534 924 1613 τρεῖς
949 1534 978 1592 σε’
1004 1556 1075 1594 τινες
1093 1532 1276 1615 ’γραψάμενοι

127 1610 280 1708 ‘wpdrepor
293 1613 374 1677 τοῦδε
396 1620 446 1678 οὐκ
470 1614 629 1692 ἐπεξῆλθον
653 1612 758 1695 (Inter
773 1620 849 1697 τρεῖς
862 1622 982 1679 et'ctues
995 1634 1036 1679 ex
1050 1617 1125 1679 allis
1139 1618 1233 1680 editt.
1249 1619 1279 1681 σέ

146 1692 288 1780 addidi.)
298 1726 302 1731 ’
314 1698 362 1762 Id.
375 1707 491 1767 contra
505 1702 677 1781 Aristogit.
701 1701 723 1763 i.
736 1721 771 1783 p.
787 1698 862 1763 538.
886 1697 972 1763 Ὀὐδὲ
986 1702 1043 1783 γὰρ
1058 1698 1095 1763 αὖ
1109 1706 1190 1765 τοῦτ’
1205 1701 1280 1765 ἐστὶν

146 1779 244 1853 εἰπεῖν,
259 1783 352 1869 ditolf
369 1789 400 1848 ἐκ
414 1792 523 1850 τούτων
545 1790 564 1854 ἡ
584 1790 672 1849 πόλις
685 1786 761 1849 οὐδὲν
774 1788 965 1858 ’βλάπτεται
1009 1786 1102 1850 Adde
1126 1786 1279 1871 Xenoph.

145 1860 232 1948 Exp.
247 1865 324 1947 Cyri
340 1892 371 1934 v.
389 1871 422 1946 7,
444 1872 476 1935 5.
498 1880 533 1935 et
557 1874 598 1936 de
619 1892 688 1955 rep.
711 1868 795 1934 Ath:
816 1871 864 1933 iii.
891 1868 940 1933 12.
965 1872 1043 1937 Luc.
1067 1871 1203 1937 Charid.
1231 1873 1278 1937 10.

147 1946 240 2015 Mox.
255 1953 331 2036 Tyr.
359 1960 425 2023 xvi.
453 1959 481 2022 l.
503 1958 582 2040 (vol.
603 1958 628 2020 i.
653 1978 684 2041 p.
700 1955 773 2019 286.
798 1954 926 2041 Reisk.)
950 1954 1071 2023 AEliau.
1099 1957 1138 2021 V.
1156 1958 1201 2022 H.
1217 1960 1278 2023 xii.

146 2033 199 2099 64.
222 2041 278 2104 uhi
300 2042 354 2107 bie
375 2045 545 2129 incudem
567 2044 702 2127 periodo
723 2045 878 2107 occurrit.
923 2042 1053 2107 Arrian.
1076 2040 1159 2127 Exp.
1186 2044 1239 2108 Al.
1257 2047 1278 2109 ι’.

151 2120 202 2195 12,
223 2124 255 2188 2.
278 2127 328 2191 iii.
346 2129 377 2192 8.
392 2136 475 2193 extr.
492 2132 550 2194 ubi
565 2150 625 2212 pro
639 2133 676 2193 ὡς
690 2137 741 2192 est
754 2130 815 2190 in:
839 2129 881 2191 iv.
910 2128 960 2203 lO,
986 2128 1017 2192 4.
1063 2128 1183 2193 Primis
1198 2131 1278 2195 duo-

144 2206 208 2307 hus
229 2231 247 2276 e
270 2212 364 2277 Dem.
387 2214 464 2279 locis
487 2214 637 2297 Hoogev'.
659 2234 790 2297 quoque
813 2216 932 2288 utitur,
954 2220 989 2277 et
1011 2218 1058 2277 ite
1074 2217 1218 2297 quidem,
1240 2222 1280 2280 ut

108 2384 113 2395 ι
143 2296 223 2359 rude
241 2299 353 2363 eliciat
368 2304 434 2366 vim
456 2303 627 2385 porticnlae
652 2300 889 2375 commanendi:
913 2302 1071 2365 hactenus
1095 2304 1198 2365 bene:
1223 2304 1282 2367 sed

142 2382 265 2447 addere
286 2386 440 2462 debebat,
462 2408 535 2451 eam
558 2390 606 2454 sic
627 2388 780 2471 usurpari
805 2406 864 2469 per
879 2387 1034 2461 ironiam,
1055 2388 1135 2468 quio
1156 2389 1199 2461 ie,
1222 2390 1281 2472 qui

142 2484 219 2531 eum
233 2472 378 2547 adhibet,
399 2495 465 2540 non
487 2476 584 2539 modo
606 2493 672 2538 non
697 2472 840 2557 emplius
861 2472 945 2536 nihil
961 2474 1115 2553 requirit,
1138 2474 1195 2536 sed
1209 2494 1281 2537 rem
1338 2491 1340 2503 ·

143 2554 247 2701 piene
260 2561 420 2642 repudiat.
464 2559 518 2626 Gi.
534 2562 569 2627 S.
585 2559 617 2625 2.
641 2558 751 2626 Etiam
772 2558 854 2622 alibi
879 2577 920 2622 cn
934 2562 1069 2640 ponitur
1084 2560 1222 2633 ironice,
1244 2565 1283 2624 ut

177 2647 297 2728 enoph.
313 2645 413 2712 Mem.
430 2651 453 2712 i.
467 2647 501 2721 2,
512 2648 544 2712 8.
574 2652 596 2710 εὶ
620 2645 666 2717 μὴ
681 2645 769 2730 ἄραῆ
785 2649 839 2710 τῆς
860 2648 879 2704 ἅ
896 2647 963 2709 eche
978 2647 1128 2714 &eundum
1142 2644 1283 2729 luco-*topi

145 2728 237 2793 ἔστενε
258 2740 293 2796 et
306 2731 407 2798 Dion.
424 2734 533 2798 Halic.
549 2733 708 2796 Archaeol.
734 2730 793 2792 rii.
814 2748 848 2810 p.
887 2725 938 2789 57.
967 2729 1027 2792 ins.
1055 2733 1077 2790 εἰ
1102 2729 1148 2804 μὴ
1165 2727 1232 2814 ἄρα,
1256 2729 1280 2792 ὦ

143 2811 249 2894 Δέκιε,
272 2821 354 2892 ὁμὲν
368 2821 459 2895 δῆμος
480 2819 536 2884 ἴσος
556 2822 636 2882 ’ἔσται
652 2814 789 2879 δικαστὴς
813 2820 875 2878 etc.
903 2809 1084 2894 Hesychius
1099 2834 1174 2878 cum
1190 2817 1225 2879 in
1241 2833 1282 2880 ea

144 2898 395 2988 interpretenda
416 2908 517 2970 etiam
532 2905 567 2969 tl
581 2906 691 2986 ponit,
713 2902 854 2964 fortusse
876 2893 917 2962 e'd
932 2902 1024 2974 ‚talia
1044 2902 1116 2966 loce
1139 2903 1210 2968 vult
1231 2921 1282 2966 rc·

145 2988 242 3068 spici.
285 2989 371 3056 Nam
384 2998 419 3056 et
433 2993 467 3055 in
481 2992 516 3056 di
531 2993 640 3055 locum
657 2990 757 3052 hahet
770 2987 893 3058 ironia,
915 3004 981 3065 que
1006 2987 1129 3050 dictum
1145 2988 1282 3052 ulterius

144 3080 206 3137 aot
224 3078 385 3158 Judicium
400 3078 489 3142 facto
501 3078 716 3148 declaratum,
736 3076 833 3155 quusi
859 3091 1018 3156 perquem
1040 3073 1186 3148 notabile
1205 3093 1281 3140 exa·

145 3160 284 3232 uitetur.
309 3161 460 3247 Xenoph.
487 3161 590 3227 Mern.
616 3165 638 3226 i.
663 3161 697 3235 2,
718 3159 772 3223 56.
800 3167 834 3224 et
858 3157 911 3222 58.
935 3155 1099 3244 Theophr.
1123 3157 1223 3224 Cher.
1241 3161 1280 3224 ii.

143 3241 181 3313 3.
196 3255 230 3312 et
243 3248 336 3315 xxiii.
352 3249 385 3314 2.
411 3249 464 3315 Cf.
481 3257 515 3316 et
531 3248 588 3324 οὖν,
606 3256 643 3322 et,
654 3248 711 3332 ’γὰρ
726 3246 761 3309 S.
778 3244 811 3308 2.

668 3381 699 3447 Γ
699 3381 767 3446 ΑΡ.

191 3511 300 3586 Quom
313 3511 461 3596 plurimi,
482 3497 540 3594 (ιίιί
555 3509 658 3572 rideri
673 3513 813 3592 possunt
833 3511 868 3570 et
881 3509 981 3588 vulgo
994 3507 1159 3579 dicuntur,
1181 3505 1281 3588 hujus
1348 3527 1351 3538 ¹
1456 3525 1470 3539 ·

145 3601 388 3680 conjunctionis
403 3598 584 3682 pleonasmi
610 3595 652 3660 ed
674 3595 893 3678 paucissimos
914 3595 1115 3674 rediguntur,
1137 3594 1283 3674 cognitio

144 3688 435 3771 grammaticorum
457 3685 710 3748 novissimorum
742 3680 928 3764 preceptis.
983 3677 1054 3743 Nos
1077 3682 1145 3742 haec
1173 3696 1279 3762 pauco

146 3775 457 3926 mqnefflrerzrgsdsmus
473 3855 609 3920 minime
624 3853 744 3940 dubius
759 3853 913 3924 hahetur,
936 3870 1010 3915 cnm
1032 3850 1088 3935 γὰρ
1111 3851 1154 3914 ab
1179 3849 1278 3914 initio

145 3948 287 4029 alicujus
308 3945 468 4011 orationis
488 3943 631 4026 positum
652 3941 826 4022 reperitur,
855 3957 956 4018 quam
982 3936 1064 4000 nihil
1089 3938 1278 4008 antecessit,
1351 3943 1354 3964 “

50 4086 55 4094 .
146 4035 236 4115 quod
250 4053 291 4097 ex
304 4019 483 4114 ulla'perte
496 4048 571 4092 cnm
585 4046 626 4090 ea
644 4027 829 4097 cohaereat;
851 4031 890 4088 ut
916 4024 951 4086 in
973 4021 1097 4088 AEliani
1117 4021 1157 4084 V.
1174 4019 1217 4086 H.
1232 4021 1279 4086 iv.

145 4117 202 4183 29.
225 4118 275 4182 Οὐ
287 4121 344 4205 γὰρ
358 4118 394 4184 δὴ
409 4115 531 4188 δύναμαι
544 4111 654 4176 πείθειν
670 4110 807 4185 ἐμαυτὸν,
821 4110 866 4184 μὴ
880 4123 970 4193 uelde
983 4113 1029 4174 ἐπ’
1044 4105 1225 4192 Ἀλεξάνδρῳ
1236 4115 1279 4194 τῷ

145 4206 305 4270 Φιλίππου.
351 4204 387 4267 Si
402 4203 525 4266 fabnlae
540 4201 674 4266 scenice
688 4199 822 4262 initium
845 4203 945 4270 esset,
966 4201 1027 4262 eut
1040 4194 1196 4266 convivii,
1218 4200 1277 4256 aut

146 4295 371 4379 cujuscunque
399 4290 544 4371 dialogi3
567 4289 653 4350 ratio
673 4291 759 4348 esset
781 4285 814 4346 in
837 4289 990 4366 promtu:
1018 4301 1094 4344 narn
1117 4280 1277 4360 intellige·

145 4388 236 4445 retur
257 4377 384 4462 aliquid
408 4375 632 4441 antedictum
653 4375 712 4434 aut
738 4369 971 4452 significatum,
993 4367 1035 4430 nd
1058 4365 1146 4447 quod
1167 4369 1276 4449 prima

144 4467 312 4544 sententio
331 4466 521 4534 referretur,
542 4481 573 4524 v.
597 4480 625 4523 c.
640 4457 909 4540 prudentissimos
932 4454 1033 4517 etiem
1055 4453 1204 4516 homines
1226 4454 1277 4518 in-

144 4554 273 4618 terdurn
288 4552 388 4618 stulte
401 4556 436 4614 et
456 4547 595 4613 ridicule
609 4563 714 4626 ogere.
759 4541 825 4606 Sed
848 4540 1037 4610 tenendum,
1061 4539 1096 4602 in
1118 4540 1179 4602 tuli
1201 4558 1277 4604 nar-

145 4641 273 4705 ratione
287 4641 356 4704 vim
368 4636 539 4722 porticulo
551 4631 712 4710 obtinere,
733 4647 807 4712 que
821 4614 951 4694 videtur
968 4627 1077 4766 prim?
1091 4629 1127 4692 et
1141 4627 1277 4712 proprie

1092 4745 1105 4788 1
