3117 5175
495 434 500 447 ·
531 398 837 465 morcarusnenm.
1195 375 1258 443 3⁶1

131 568 239 639 είταιν,
253 564 295 629 de
309 584 375 647 quo
387 586 417 629 ν.
433 564 607 630 Scholiast.
630 570 664 629 et
688 562 818 627 Kuster.
834 558 876 623 ad
893 542 1104 639 Aristoplian.
1119 552 1210 617 Plut.
1226 572 1258 615 r.

131 654 217 739 639.)
241 651 409 737 Sensum]
452 650 543 716 Talis
567 652 714 734 ellipsios
736 646 924 727 exemplum
946 640 1077 706 videin
1102 637 1261 702 Antholoss

129 742 192 821 μίαν
216 740 275 804 lib.
290 740 347 802 vii.
365 760 397 822 p.
422 737 499 801 436.
520 736 563 801 ‘A
585 734 709 819 φόρμιγξ
731 744 794 799 ete.
809 730 906 795 Cous.
931 729 1067 795 Vannus
1082 722 1164 789 Crit.
1179 742 1259 807 pag.

134 823 202 891 199.
249 826 347 909 Apud
363 822 559 897 Pausaniam
575 826 608 887 in
625 821 753 885 Phocic.
773 840 800 881 c.
816 820 860 882 ix.
885 817 1021 881 dubium
1039 813 1261 882 videturesse,

41 914 44 921 '
130 913 259 975 idemne
273 910 407 976 uerbum
420 930 480 994 per
500 911 632 993 ellipsin
656 908 697 973 de
719 906 882 971 industria
904 903 1057 977 omissum
1080 899 1194 971 fuerit,
1217 916 1261 961 an

130 999 226 1081 culpa
241 998 355 1079 aliqua
370 998 546 1062 exciderit:
575 991 638 1057 Καὶ
663 994 737 1057 ἔστιν
758 989 868 1073 ἀνδριὰς
889 990 916 1052 ἐν
942 989 1085 1068 Δελφοῖς,
1110 1004 1157 1047 sc.
1179 986 1261 1068 αὐτῷ

130 1087 318 1158 ἀνακείμενος.
363 1082 570 1165 [Sylburgius
598 1081 640 1143 ad
670 1080 700 1141 h.
727 1080 748 1141 l.
786 1086 808 1115 ‘⁶
825 1074 903 1139 Post
925 1072 1035 1159 ἀνδριὰς
1055 1071 1261 1135 desideratur

130 1174 210 1255 αὐτῷ
223 1170 434 1243 ἀνακείμενος.”
477 1165 611 1233 Facilis:
643 1174 665 1205 “
685 1163 808 1240 Deesse
822 1162 1067 1231 rideturarlroi,
1092 1158 1140 1221 iia
1155 1160 1261 1236 llige·

131 1256 236 1319 nuina
250 1256 347 1319 lectio
367 1256 489 1319 inerit:
517 1254 635 1317 καί-ἐν
659 1253 791 1331 Δελφοῖς
813 1247 934 1312 admi?
977 1244 1091 1308 Scribe
1113 1260 1262 1307 mecum:

130 1342 180 1404 καί
193 1344 264 1405 ἔστιν
285 1345 310 1403 oi
324 1341 433 1425 ἀνδριάε
456 1343 481 1403 ἐν
505 1342 646 1421 Δελφοῖς.
691 1334 904 1401 Contrarium
920 1333 1038 1397 vitium
1055 1328 1263 1400 Herodoteis,
1389 1360 1392 1365 ·

131 1430 263 1510 opinor,
279 1428 415 1492 inhaeret
430 1428 465 1491 ii.
480 1449 509 1493 c.
529 1425 599 1491 175.
626 1426 671 1489 in.
699 1424 756 1486 ubi
772 1422 977 1485 scribendum
998 1417 1164 1500 suspicor:
1191 1438 1263 1498 ωρο-

130 1519 244 1577 τάλαια
268 1512 422 1585 Sedenim
446 1512 601 1589 ἐξεποίησε.
646 1508 741 1573 Coni.
769 1506 937 1571 Meletem.
966 1503 1051 1569 Crit.
1068 1503 1102 1567 in
1123 1500 1263 1582 Dionys.

131 1596 211 1664 Hal.
226 1602 250 1665 i.
273 1619 305 1683 p.
322 1598 371 1663 66.
396 1599 564 1683 Sciriam]
608 1597 760 1661 Ceterum
789 1595 850 1657 hoc
871 1592 1007 1657 verbum
1032 1590 1074 1652 de
1096 1588 1215 1663 staturis
1229 1591 1264 1649 et

130 1687 315 1838 {ppulppris
332 1687 494 1761 adhiberi,
518 1686 611 1750 docet
624 1682 759 1747 Jensius
772 1678 918 1745 Lection.
939 1673 1076 1740 Lueion.
1099 1672 1150 1736 iii.
1174 1670 1202 1733 l.
1227 1688 1263 1755 p.

195 1820 203 1835 .
261 1793 356 1837 nisu.

156 1883 176 1923 ⁸
191 1882 485 1963 ΑΝΑΤΙΘΗΜΙ,
501 1885 552 1949 rel
566 1874 884 1950 ΑΝΑΤΙΘΕΜΑΙ,
900 1869 1088 1945 DEDICO,
1103 1864 1238 1935 PONO.

174 1991 257 2059 Haec
271 1996 429 2060 voeabula
444 1996 557 2060 crebro
571 1997 750 2059 reticentur
763 1992 798 2053 in
814 1989 880 2053 illis
895 1986 1058 2059 formulis,
1077 1980 1195 2064 quibus
1206 1997 1265 2043 nos

132 2080 227 2145 alteri
248 2081 404 2146 dedicare
430 2083 554 2162 aliquid
578 2086 636 2146 aut
658 2096 784 2143 sacrare
807 2075 889 2138 velle
910 2072 1063 2137 dicimus.
1108 2063 1147 2131 E.
1166 2085 1216 2147 gr.
1230 2067 1266 2129 iu

133 2162 383 2253 Epigrammate
397 2167 418 2232 J
421 2169 537 2239 uliam,
560 2167 765 2246 Anthologiae
778 2164 861 2226 libro
874 2160 918 2223 ri.

216 2330 220 2339 .
263 2250 339 2318 Ταῖς
352 2252 497 2336 Νύμφαις
513 2251 637 2338 Κινύρης
651 2252 714 2315 τόδε
728 2249 849 2311 δίκτυον·
868 2251 901 2310 ori
914 2242 971 2328 ‘reip
984 2243 1066 2327 ἀείρει

308 2339 406 2423 sirpus·
420 2342 586 2405 ἀκοντιστὴν
598 2336 714 2421 μόχθον
730 2336 893 2408 teudonius.

266 2426 338 2492 Hoc
352 2426 489 2512 Cinyras
504 2424 659 2511 Nymphis
673 2420 839 2507 (οοονοοίο)
851 2426 936 2491 rete,-
956 2414 1077 2481 labores

289 2510 380 2579 Non
394 2512 509 2578 etenim
524 2521 628 2576 lanios
639 2509 729 2600 ferre
741 2515 867 2572 senecta
876 2513 990 2593 potest.

133 2595 182 2664 Et
195 2600 316 2666 ibidem
333 2604 366 2665 in
384 2599 532 2665 Platonis
546 2597 808 2684 Epigrammate‚
824 2595 880 2657 ubi
896 2590 973 2655 lais
989 2591 1037 2652 ita
1050 2584 1118 2650 ait:

265 2684 316 2773 Τῇ
332 2687 439 2773 Παφίη
454 2686 487 2749 τὸ
501 2689 669 2770 κάτοπτρον·
687 2682 747 2746 inei
761 2685 825 2747 τοίη
840 2676 893 2754 μὲν
907 2672 1026 2762 ὁρᾶσθαι

307 2771 376 2837 Οὐκ
391 2771 492 2837 ἐθέλω·
508 2773 551 2838 oin
564 2771 589 2832 δ’
603 2771 637 2838 ἦν
651 2773 755 2854 πάρος,
770 2771 802 2829 ori
816 2766 946 2836 δύναμαι.

266 2859 339 2924 Ηοσ
355 2857 489 2959 Paphie
502 2856 662 2945 specuium
675 2853 791 2937 (suero)
804 2849 895 2914 Lais.
940 2843 1024 2911 Nolo
1039 2839 1145 2907 videri

313 2944 427 3019 Οοοίοο
439 2965 529 3020 sunu
549 2941 707 3031 siquidem
720 2958 786 3003 νιοη
858 2956 890 3007 ο,
913 2930 1019 3021 qualia
1037 2948 1134 2993 mom.

132 3027 171 3094 ln
189 3034 300 3116 primo
315 3041 389 3116 post
413 3033 446 3095 τὸ
466 3031 576 3094 iterun
596 3027 734 3094 subaudi
759 3027 805 3086 ἀνέ
831 3041 894 3085 ενοι
919 3023 952 3082 in
974 3015 1117 3082 secundo
1139 3015 1216 3097 post
1237 3010 1272 3073 τί

132 3119 299 3204 κάτοττρον
313 3121 520 3200 subintellige
536 3113 722 3189 ἀνατίθεμαι,
737 3111 788 3174 vel
800 3110 934 3193 ίερὸομαι,
951 3105 1001 3168 rel
1017 3101 1135 3165 simile.
1179 3097 1272 3178 Saepe

132 3203 170 3266 in
186 3201 492 3288 Epigrammatibus
515 3204 636 3268 diserte
658 3200 821 3263 adduntur
844 3191 977 3266 eliseus,
999 3187 1152 3271 δωροῦμαι,
1173 3183 1272 3246 ἀνασί-

131 3287 228 3368 sma,
251 3293 420 3375 ἱεραοέμην,
435 3291 516 3376 δῶρον
531 3287 637 3361 tinea,
652 3283 790 3357 ἀνθέμην,
805 3278 898 3348 inm,
913 3277 988 3358 δῖνα
999 3271 1119 3347 ἐθέμην,
1132 3266 1273 3341 ἀνέθηκαν

130 3373 225 3460 δῶρον
240 3380 384 3462 ἐκρέμασα
404 3387 466 3443 etc.
490 3376 636 3456 Scaliger
657 3373 699 3434 ad
721 3366 893 3431 Catalecta
914 3381 949 3444 p.
965 3358 1039 3423 507.
1061 3357 1140 3419 edit.
1164 3351 1270 3433 lugd.

130 3466 247 3537 notat,
262 3465 363 3528 etiam
389 3467 524 3529 verbum
551 3459 711 3530 dedicare,
733 3453 791 3515 ubi
805 3468 858 3513 res
874 3449 922 3511 ita
937 3447 1015 3521 ieri,
1038 3442 1126 3527 apud
1140 3437 1275 3504 latinos

131 3549 263 3613 omitti.
280 3597 284 3604 .
309 3548 383 3614 Huc
394 3551 537 3632 pertinet
555 3546 635 3609 illud
650 3538 804 3621 Virgilii:

272 3634 393 3700 AEueos
405 3633 469 3699 iaeo
484 3633 524 3698 de
538 3627 666 3696 Danais
679 3621 849 3691 victoribus
860 3639 960 3686 ονννοο.

128 3718 266 3873 ιιέεῗνν
299 3807 559 3873 dedicationibus
595 3807 779 3867 statuarum
816 3801 850 3860 et
883 3792 1156 3856 monimentorum
1189 3802 1274 3868 sepe
1343 3816 1349 3831 ·

128 3899 250 3961 omitti
279 3903 427 3978 putatur,
455 3896 554 3958 etiam
581 3890 622 3952 ad
648 3891 799 3970 quartum
824 3898 944 3944 casum.
989 3874 1098 3939 Plenae
1121 3872 1275 3937 dictionis
1407 3915 1411 3922 .

128 3985 297 4066 exempla
319 3983 383 4044 duo
409 3981 517 4044 adfert
543 3974 687 4040 Zeibich.
710 3971 799 4035 Atbl.
824 3964 934 4050 σαραδ.
950 3984 985 4047 p.
1002 3960 1053 4025 63.
1077 3959 1124 4022 τὸν
1140 3958 1275 4042 ἀρχιερέα

126 4097 159 4132 κ.
177 4083 218 4133 λ.
243 4067 426 4148 ἧἈντνοχῖς
440 4067 518 4147 φυλὴ
535 4059 679 4126 ἀνέθηκεν.
725 4055 765 4120 Et
783 4052 931 4126 Εὔμηλον.
947 4077 976 4112 κ.
991 4061 1023 4111 λ.
1036 4045 1201 4132 φροντιστὴς
1214 4043 1275 4140 cini·

126 4155 242 4222 Suasa
265 4151 314 4216 Ut
329 4159 438 4216 tamen
455 4154 573 4226 dicam,
596 4147 680 4228 quod
697 4144 818 4212 sentio,
845 4138 971 4201 videtur
994 4133 1196 4197 aecusativus
1222 4126 1276 4189 rlle

125 4245 177 4308 ab
193 4244 321 4316 omisso
335 4241 431 4314 τιμάο
445 4238 528 4320 (vid.
545 4235 646 4318 inira)
656 4232 808 4316 pendere,
820 4223 1039 4286 nominativus
1049 4235 1126 4280 vero
1136 4229 1276 4310 sequens

125 4348 266 4395 novum
297 4333 455 4408 punctum
487 4325 642 4404 incipere.
702 4315 917 4380 Posteriorem
942 4328 1020 4388 ergo
1045 4306 1207 4378 integram
1230 4302 1278 4360 ria

122 4420 228 4498 lege.
254 4411 392 4486 Εὔμηλον
407 4409 470 4473 θεὸν
486 4417 617 4494 πατρῷον
633 4407 778 4490 φράτορσιν
794 4395 977 4472 Εὐμηλίδοιν.
991 4391 1057 4456 scil.
1084 4388 1213 4459 ἐτίμησε.
1235 4378 1277 4482 T!

123 4503 290 4570 Φλαούϊος
311 4497 387 4562 Πίος
410 4497 578 4582 φροντιστὴς
597 4490 730 4574 ἀνέθηκεν
753 4486 801 4576 uin
814 4482 853 4548 T·
873 4477 1007 4565 Φλαοοίῳ
1025 4479 1122 4559 τέκνῳ.
1138 4467 1278 4535 subaudi
1295 4494 1303 4509 ·

122 4590 190 4686 τήν
208 4586 328 4688 τομήν.
350 4579 389 4650 F.
404 4582 463 4676 δν.
