3117 5175
505 329 721 397 maeno
741 330 947 397 nnsnarr.
1182 416 1185 421 ,
1256 334 1309 401 aa

153 510 289 587 nefflis,
311 512 357 577 de
372 510 554 579 idiotismis
577 508 698 579 Graias
719 514 862 597 linguae,¹
880 516 922 579 de
943 514 1126 600 partiariis,
1147 520 1182 581 et
1195 516 1223 581 si
1236 516 1296 602 qui

148 604 232 663 arnt
262 601 349 671 alii:
386 601 666 684 supersedendum
689 620 772 664 esse.
828 600 937 677 Nunc,
966 608 1006 668 ut
1030 604 1153 669 norunt
1180 622 1296 671 omnes

147 686 268 767 millo
284 688 513 761 humaniores,
534 688 622 751 ratio
644 688 788 768 cujusvis
810 688 932 771 linguas
947 689 1016 751 iere
1038 688 1297 775 ita'eompnrata

145 776 263 848 estut
278 792 383 855 qnam
396 774 568 837 minimam
582 774 671 840 illins
685 779 814 857 partem
829 774 859 839 is
874 775 1051 855 intelligat,
1062 778 1120 859 qui
1134 778 1297 843 vocabula

144 856 326 925 dunnxat
337 860 505 941 intelligit.
519 858 634 941 ltaque
643 861 727 925 satis
744 862 857 924 mirari
867 880 933 925 non
944 878 1089 944 possum,
1100 869 1134 929 et
1143 864 1298 930 inventos
1355 888 1358 909 ³
1466 848 1475 863 ’

146 944 276 1022 inisse,
297 952 334 1009 et
349 966 438 1011 nunc
451 948 606 1019 inveniri,
630 946 685 1031 qui
702 966 757 1011 eos
778 966 841 1031 pro
854 947 978 1029 lingua
998 944 1122 1011 Graecn
1134 949 1299 1033 peritissi-

147 1034 219 1096 mis
233 1034 426 1106 venditent,
446 1051 488 1097 ex
502 1050 641 1115 quorum
655 1034 789 1117 scriptis
809 1033 891 1097 nihil
916 1032 1006 1097 aliud
1021 1032 1176 1117 colligas,
1193 1056 1296 1123 quam

147 1138 213 1205 eos
224 1124 352 1203 praeter
361 1121 572 1183 elementaris
585 1121 816 1202 grammatices
841 1126 1018 1203 precepta,
1041 1140 1116 1185 eam
1138 1121 1209 1185 iere
1226 1142 1296 1189 om·

148 1208 249 1269 nium
264 1224 386 1271 vocum
401 1201 592 1270 Graeoamm
605 1208 696 1280 aim,
723 1227 797 1291 quae
818 1208 852 1271 in
868 1204 996 1271 lestinis
1017 1208 1171 1288 traditur,
1192 1210 1298 1291 probe

149 1292 378 1366 intellexisse,
410 1300 523 1357 cetera
551 1312 639 1368 vero,
670 1310 746 1374 quae
777 1292 821 1357 ad
846 1299 999 1357 naturam
1026 1294 1150 1359 Graecm
1174 1295 1297 1377 lingue

149 1381 339 1461 pertinent,
355 1382 537 1461 ignorasse.
561 1378 647 1453 Quia
661 1378 779 1444 Graeca
793 1380 906 1463 lingum
919 1394 1076 1445 unacum
1089 1378 1211 1445 Latina
1220 1382 1297 1466 pros

150 1464 230 1549 prie
257 1469 347 1531 inter
368 1485 426 1531 eas
446 1468 577 1547 linguas
596 1468 759 1549 pertinet,
782 1486 856 1549 qum
871 1466 1006 1531 eruditae
1023 1484 1088 1530 non
1109 1468 1216 1531 solum
1238 1468 1297 1535 bu·

153 1552 292 1626 bentur,
313 1572 430 1617 rerum
445 1550 546 1617 etium
570 1559 660 1625 nint,
684 1554 744 1617 boc
768 1559 833 1627 est,
851 1554 943 1618 inter
964 1553 1127 1635 ejusmodi
1148 1555 1296 1636 linguas,

151 1658 235 1721 quae
248 1640 320 1705 sine
338 1658 469 1721 magnes
485 1640 682 1703 eruditionis
700 1638 869 1723 praesidio,
891 1639 1170 1721 sine-cognitione
1193 1640 1298 1707 histo
1325 1642 1337 1665 '

159 1728 363 1800 mutueris,
383 1728 510 1790 rituum
536 1733 570 1790 et
593 1725 790 1810 opinionum
803 1728 884 1791 olim
901 1732 1117 1810 receptarum,
1140 1726 1207 1791 imo
1225 1727 1299 1793 sins

162 1813 378 1897 philosophie
401 1814 524 1877 veteris
538 1819 572 1876 et
586 1814 817 1895 grammatices
840 1812 1043 1877 sublimioris
1065 1818 1219 1879 accurata
1239 1833 1299 1879 no·

164 1901 246 1964 titia
271 1900 403 1981 intelligi
432 1904 625 1981 nequeunt;
658 1898 745 1963 baud
773 1900 873 1964 dubie
897 1900 993 1981 longe
1029 1901 1158 1982 maj0ri,
1196 1918 1298 1983 quum

166 1987 237 2049 solo
249 1987 478 2051 vocabulorum
492 1991 669 2071 appmatu,
682 1986 739 2061 iis,
760 1988 818 2067 qui
833 1986 877 2051 ad
892 1987 1038 2067 aliquam
1057 1986 1188 2051 laudem
1204 1986 1297 2054 Grae'·

163 2090 269 2137 cenrm
281 2074 454 2137 literanum
469 2072 653 2155 adspirant,
674 2092 760 2155 opus
782 2076 843 2136 est.
888 2070 1103 2137 idcir-conon
1117 2074 1166 2137 illi
1186 2076 1298 2147 solum

160 2159 240 2223 bene
252 2160 296 2224 de
318 2156 443 2225 Graecis
457 2161 563 2224 literis
586 2166 764 2236 merentur,
789 2162 846 2245 qui
863 2157 1050 2223 Graecorum
1065 2165 1215 2225 veterum
1229 2161 1299 2239 ils-

156 2248 292 2325 toriam,
306 2243 534 2331 antiquitates,
557 2246 654 2318 ritus,
680 2246 864 2330 opiniones,
886 2250 1014 2318 cetera,¹
1031 2247 1100 2310 sire
1113 2247 1147 2309 in
1163 2248 1235 2310 suis
1246 2246 1299 2311 'sd

155 2332 294 2398 Graecos
318 2340 471 2397 auctores
502 2332 796 2405 observationibus,
835 2333 906 2396 sire
942 2332 1042 2395 editis
1073 2332 1299 2415 peculiaribus

153 2420 263 2500 libris,
283 2422 454 2504 explicant
467 2440 476 2490 ;
497 2418 612 2482 rerum
636 2419 740 2482 etiam
754 2418 789 2481 bi
805 2418 1055 2499 resonantiam
1069 2418 1208 2483 utilitsti
1222 2438 1299 2487 cnu-

155 2509 284 2581 sulunt‚
305 2508 366 2588 qui
385 2506 571 2570 difficiliora
594 2506 758 2588 simulque
781 2506 881 2588 vulgo
905 2504 1107 2585 neglectiore
1129 2512 1297 2586 gramma·

153 2597 233 2658 tices
252 2597 380 2678 capita,
400 2591 582 2674 cujusmodi
604 2593 668 2658 boc
687 2591 728 2656 de
757 2591 864 2676 ellipsi
887 2595 948 2667 est,
971 2611 1015 2656 cx
1035 2591 1188 2656 instituto
1209 2595 1296 2660 trae·

196 2767 372 2840 Quantum
396 2763 578 2846 adjumenti
602 2763 645 2826 ad
667 2761 801 2827 urnas
824 2769 976 2827 suctores
999 2764 1122 2828 rectius
1146 2769 1182 2828 et
1200 2765 1295 2832 intel·
1403 2757 1410 2766 ’

152 2855 308 2938 ligendos
321 2860 358 2916 et
374 2846 581 2914 enarrandos
601 2849 751 2915 doctrina
773 2847 942 2930 ellipsiurn
968 2849 1109 2922 adierat,
1131 2857 1296 2930 quantum

152 2961 230 3006 vero
243 2943 281 3004 in
296 2937 555 3022 interpretandis
580 2935 695 3003 iisdem
718 2933 935 3016 scriptoribus
951 2933 1145 3003 hallucinati
1158 2935 1296 3014 tuerint,

153 3047 271 3094 recum
300 3027 502 3089 omissurum
526 3024 648 3104 ignari,
676 3027 736 3088 aut
760 3023 848 3083 certe
873 3035 940 3082 non
965 3018 1048 3083 satis
1070 3020 1208 3096 curiosi,
1230 3023 1294 3092 boc

152 3118 283 3198 aliquot
311 3111 484 3194 exemplis
504 3110 585 3173 vicit
606 3110 642 3172 in
662 3108 836 3192 praemissa
860 3104 937 3170 huic
960 3104 1071 3168 libello
1095 3107 1292 3190 praelatione

156 3200 268 3266 hub.
300 3196 379 3262 Bos.
425 3195 513 3260 Sunt
539 3196 582 3259 ad
600 3213 745 3260 ‘manum
771 3193 949 3276 permulta,
981 3210 1055 3272 qun
1081 3193 1124 3258 iis
1149 3188 1294 3276 adjicere

155 3303 472 3372 praemonueram
492 3303 535 3348 ne
556 3283 654 3346 nimii
667 3281 848 3359 videamur,
871 3277 987 3363 paucis
1001 3281 1147 3344 contenti
1157 3284 1294 3350 erimus.

155 3373 326 3456 Polyaenus
349 3373 373 3436 i.
393 3368 444 3435 17.
467 3367 758 3440 οἷΜεσσῆνιοι-τῆι
782 3369 857 3432 aiant
882 3370 914 3429 οὐ
948 3362 995 3428 διὰ
1015 3372 1128 3450 μακροῦ
1149 3367 1294 3434 Anaia.

29 3498 30 3511 ι
153 3466 255 3533 μαίας
276 3459 398 3523 ἔδωκαν.
442 3453 607 3540 interpres
638 3455 708 3518 baec
737 3455 786 3517 ita
807 3450 973 3516 reddidit:
1006 3449 1165 3518 Massurii
1191 3453 1293 3522 violo·

152 3546 238 3613 nunt
258 3567 326 3612 non
349 3542 506 3630 exiguam
527 3537 778 3608 Lccedaemoniis
803 3535 970 3612 delictum.
1012 3537 1110 3602 Male.
1133 3539 1153 3606 ἡ
1175 3541 1238 3608 νίκη
1260 3547 1293 3608 ab

152 3633 201 3698 iai
221 3640 338 3720 μαςοῦ
363 3650 430 3696 non
455 3636 508 3693 est
531 3627 667 3694 victorio
690 3645 824 3714 magno,
838 3626 897 3715 ‘rel
920 3621 1060 3690 victorio
1077 3643 1144 3690 non
1160 3625 1292 3712 caignes,

151 3719 244 3796 Quid
259 3721 364 3802 ergo?
386 3719 421 3782 in
437 3717 500 3780 hac
514 3716 621 3780 forma
635 3715 790 3799 loquendi
817 3719 848 3776 ob
866 3709 917 3809 ,διὰ
930 3717 1051 3808 ,μακροῦ
1071 3713 1292 3816 supprimitur

149 3803 763 3979 attssstlznntsn‘
776 3797 980 3950 inlisit·
998 3794 1292 3957 ,ililildlit

151 3979 244 4045 ilist.
261 3981 324 4044 lib.
345 3997 381 4042 x.
395 3997 426 4040 c.
440 3975 495 4040 21.
515 3982 551 4041 et
563 3975 716 4041 Kubnius
736 3973 781 4039 ad
805 3969 946 4038 Passan.
964 3967 1103 4038 Boeotic.
1118 3992 1147 4038 c.
1170 3977 1289 4042 xxviii.

151 4087 187 4152 r·
200 4065 278 4130 4⁶⁷·
845 4095 847 4104 ¹
1244 4089 1260 4148 ·,

135 4198 138 4204 1
196 4151 361 4236 Fqn‘dcm
374 4154 497 4235 praeter
516 4151 603 4214 banc
625 4167 759 4214 causam
774 4144 904 4230 reperio
929 4143 1012 4210 duas
1027 4145 1121 4221 alias,
1143 4164 1202 4212 cur
1215 4147 1291 4218 doc·

155 4243 245 4306 trina
266 4241 335 4304 ista
350 4257 419 4302 non
433 4235 632 4319 negligenda
646 4236 703 4314 sit,
723 4251 837 4305 unam,
866 4229 954 4314 quod
981 4232 1172 4314 detegendis
1195 4237 1292 4306 malis

159 4325 447 4392 emendationibus
461 4325 554 4390 utilis
568 4324 626 4396 sit,
647 4320 884 4406 impediatque,
906 4337 971 4398 quo
990 4317 1101 4384 minus
1123 4324 1294 4392 aucmmm

161 4415 258 4489 locos,
279 4413 407 4500 quibus
423 4430 487 4475 sus
499 4414 632 4476 constat
654 4408 782 4473 sanitas
807 4412 841 4470 et
864 4405 1051 4486 integritas,
1073 4407 1208 4474 mutilos
1220 4431 1294 4480 uss

157 4521 195 4568 ac
217 4504 420 4587 depravatos
442 4500 574 4563 medas:
598 4497 750 4569 alteram,
774 4491 862 4577 quod
886 4493 982 4574 quasi
997 4491 1087 4558 riam
1099 4509 1186 4580 saepe
1200 4515 1293 4564 mon.

154 4595 237 4655 stret
249 4589 293 4658 ed
307 4589 399 4656 locos
422 4587 508 4657 male
531 4585 668 4652 affectos
691 4580 876 4665 integritati
896 4579 1125 4650 restituendos.
1169 4579 1294 4654 Prioris
