3117 5175
297 425 357 492 148
561 397 1150 490 ‘onnnues1srensouasuo

290 607 329 665 ut
352 600 423 662 fere
436 593 600 680 quidquid
625 595 741 661 Graeca
767 599 883 676 lingua
907 595 1110 660 difficultatis
1139 589 1290 661 liaberet,
1313 586 1405 668 aliqu
1536 644 1537 647 ,

288 687 397 768 ellipsl
422 685 609 748 adhibenda
623 683 756 768 putaret
771 682 1011 766 expediendum
1027 701 1109 746 esse.
1152 675 1260 760 Cujus
1281 676 1347 737 riri
1372 693 1429 738 no·

290 791 379 845 meu,
393 771 558 835 invitante
574 771 676 835 etiam
690 773 737 834 rei
760 771 937 842 facilitate,
959 770 1042 831 alios
1068 767 1171 830 movit
1192 763 1369 848 plurimos,
1392 765 1428 824 ut

289 859 407 922 eodem
431 857 441 918 i
468 858 496 919 si
525 876 652 940 quoque
676 876 814 944 operam
837 856 1027 920 conferrent
1049 872 1157 924 suam,
1187 852 1293 914 donec
1328 867 1430 929 nuper

290 943 430 1006 Godol'r.
482 962 552 1007 enr.
569 942 774 1016 Scbaeierus,
802 943 853 1006 vir
866 941 1086 1016 doctissimus,
1113 957 1215 1004 caecos
1229 954 1345 1000 eorum
1367 936 1427 997 im·

289 1037 387 1114 petus
400 1030 554 1112 plurimis
576 1029 612 1094 in
626 1031 707 1096 locis
731 1030 935 1112 compescuit
958 1033 993 1092 et
1017 1028 1061 1091 ad
1075 1028 1240 1090 saniorem
1267 1022 1424 1086 mfionem

290 1116 467 1183 revocarit.
522 1113 589 1188 Qui
610 1119 661 1181 rir
682 1135 800 1198 quum,
819 1135 891 1197 qua
916 1122 968 1180 est
994 1114 1120 1178 Graece
1147 1113 1275 1192 linguae
1294 1109 1422 1192 peith.
1536 1152 1537 1161 ι

292 1203 410 1275 multa,
431 1221 505 1284 quae
520 1203 564 1266 ab
580 1203 655 1268 istis
679 1223 742 1286 per
763 1201 897 1286 ellipsin
919 1201 1085 1284 explicata
1100 1199 1250 1268 fuerant,
1270 1197 1314 1260 ab
1337 1195 1426 1256 omni
1536 1192 1537 1263 l

242 1289 400 1372 99ellipsi
427 1306 532 1353 vacua
546 1308 617 1353 esse
642 1291 854 1370 intelligeret,
869 1289 987 1352 vellem
1002 1293 1114 1351 umen
1136 1303 1204 1348 non
1230 1285 1287 1348 bie
1303 1283 1370 1346 illic
1391 1283 1424 1344 iu

291 1375 433 1456 singulis
461 1376 626 1440 erroribus
650 1377 803 1440 notandis
831 1391 967 1456 operam
992 1372 1221 1457 impendisset,
1247 1369 1318 1441 sed,
1336 1365 1425 1449 quod

290 1468 394 1548 caput
407 1469 458 1526 est
472 1463 532 1534 rei,
547 1462 582 1525 in
597 1463 785 1526 universum
799 1461 1012 1538 ostendisset,
1025 1459 1108 1540 quid
1127 1462 1217 1520 esset
1238 1454 1373 1538 ellipsis.
1389 1457 1424 1514 et

291 1567 464 1630 quousque
475 1567 555 1612 usus
568 1551 640 1632 eius
655 1553 796 1632 poteret.
841 1547 939 1625 Quod
954 1547 1049 1611 ille-si
1065 1545 1214 1617 iecisset,
1239 1561 1308 1606 non
1331 1538 1423 1640 modo
1537 1576 1538 1613 3

292 1635 391 1716 longe
404 1635 538 1702 facilius
552 1637 760 1720 superiorum
782 1653 909 1698 errores
930 1633 1095 1715 potuisset
1119 1633 1265 1712 aperire,
1288 1626 1345 1690 sed
1358 1644 1428 1710 lpse

292 1723 396 1787 etiam
409 1722 473 1785 sibi
488 1723 640 1795 cavisset,
656 1743 709 1795 ne,
730 1722 820 1806 quod
842 1721 1009 1784 interdurn
1023 1720 1068 1782 ab
1087 1737 1129 1780 eo
1144 1716 1274 1779 facturn
1286 1721 1350 1790 est,
1372 1716 1430 1776 aut

292 1809 420 1872 nullam
433 1827 505 1872 esse
526 1809 737 1874 contenderet
759 1809 904 1891 ellipsin,
930 1825 1003 1888 quae
1027 1825 1105 1891 rere
1127 1804 1258 1883 ellipsis
1282 1806 1349 1874 est,
1373 1807 1430 1862 aut

292 1911 377 1973 eam,
402 1914 476 1976 quas
500 1897 592 1958 nulla
618 1899 687 1968 est,¹
705 1893 946 1959 admittendam
971 1891 1127 1956 censeret.
1182 1885 1310 1952 Eodem
1336 1887 1432 1950 modo

292 1999 346 2044 res
360 1989 437 2044 acta
457 1987 507 2044 est
533 1981 569 2044 in
590 1983 793 2064 pleonasmo.
840 1977 937 2054 Quod
958 1984 1130 2062 optauerat
1155 1972 1430 2056 wyttenbachius

318 2113 327 2128 .
344 2065 420 2129 415.
435 2067 479 2130 ad
493 2063 631 2148 Eclogas
646 2069 834 2138 historicas,
847 2071 885 2129 ut
906 2067 964 2130 hos
986 2084 1130 2145 quoque,
1152 2059 1434 2144 quemadmodum

361 2153 410 2216 ius
424 2153 568 2232 ellipses,
584 2155 704 2234 aliquis
720 2159 948 2236 pertractaret,
972 2153 1005 2215 id
1019 2153 1130 2214 facere
1145 2149 1281 2213 tandem
1297 2155 1434 2211 conatus

292 2243 344 2302 est
358 2233 452 2318 Benj·
468 2235 649 2316 Weislrius‚
671 2242 722 2303 vir
735 2240 870 2303 subtilis
881 2239 1012 2319 judicii,
1035 2234 1126 2301 edito
1148 2235 1235 2299 libro
1256 2236 1300 2297 de
1317 2233 1440 2296 (ἕω

291 2323 415 2404 lingue
429 2323 640 2405 pleonasmis.
686 2324 752 2390 Hic
767 2343 963 2406 verounum
988 2326 1150 2388 latissime
1171 2328 1292 2405 patere
1316 2339 1435 2383 nomen

291 2409 476 2493 pleonasmi
502 2410 804 2482 animadvertisset,
826 2412 947 2476 callide
959 2429 1034 2475 earn
1059 2410 1171 2493 posuit
1195 2408 1437 2476 definitionem,

293 2496 441 2577 quoehos
455 2501 597 2568 tantum,
621 2498 678 2578 qul
705 2499 830 2580 injurio
843 2499 1027 2582 pleonasmi
1048 2497 1263 2566 haberentur,
1286 2513 1435 2576 compre

294 2580 475 2656 henderet3
497 2601 567 2664 quo
578 2583 705 2649 sactum
719 2593 782 2663 est,
803 2592 843 2649 ut
864 2585 938 2657 hos,
953 2585 1012 2666 qui
1035 2603 1110 2647 vere
1133 2590 1212 2646 sunt
1236 2582 1435 2665 pleonasmi,

366 2670 512 2735 teriret„
537 2667 593 2734 lta
603 2672 764 2753 singulari
780 2671 928 2754 prolecto
942 2690 1021 2737 casu
1044 2670 1177 2741 accidit,
1202 2676 1243 2731 ut
1266 2666 1437 2735 hauberti

367 2755 392 2819 ii
405 2756 491 2819 liber
503 2757 545 2819 de
559 2759 667 2841 ellipsi
684 2758 864 2821 maximam
878 2765 1009 2843 partem
1023 2759 1069 2821 sit
1081 2759 1317 2840 pleonasmus,
1332 2750 1440 2817 Weis-

299 2842 349 2906 liii
365 2840 408 2920 <le
420 2842 613 2925 pleonasmo
626 2844 765 2928 ellipsis.

346 2924 429 2999 Qum
444 2947 548 3010 quum
562 2930 612 2994 ita
626 2932 706 3004 sint,
721 2936 852 2994 tantum
865 2933 973 3001 abest,
989 2936 1038 3007 ut,
1053 2934 1206 2993 naturam
1229 2928 1393 3010 ellipseos
1406 2946 1446 2989 ae

301 3012 486 3098 pleonasmi
516 3017 682 3099 explicare
708 3018 951 3097 aggredientes,
984 3022 1096 3081 actum
1119 3016 1227 3080 acturi
1253 3016 1379 3087 simus,
1408 3024 1446 3075 ut

303 3102 412 3182 magis
426 3102 460 3166 id
474 3102 583 3167 lacere
598 3104 821 3181 instituamus,
835 3105 924 3184 quod
938 3122 1042 3186 quum
1063 3109 1142 3167 ante
1165 3103 1282 3165 omnia
1304 3102 1380 3165 lieri
1394 3100 1450 3162 de·

238 3188 446 3267 loobuisset,
471 3190 614 3251 nondum
639 3194 692 3253 est
710 3208 732 3252 a
751 3208 914 3272 quoquam
943 3192 1082 3254 factum.
1132 3186 1252 3253 Parum
1278 3193 1335 3250 est
1362 3188 1457 3251 enim

309 3272 431 3346 dicere,
450 3274 541 3354 quod
562 3274 705 3356 quisque
732 3276 838 3351 ridet,
861 3278 995 3358 ellipsin
1017 3291 1089 3339 esse
1114 3276 1333 3339 omissionem
1362 3274 1455 3337 verbi

311 3360 498 3431 necessarii,
528 3360 753 3443 pleonasmum
783 3362 1002 3445 adjectionem
1029 3362 1122 3426 verbi
1160 3380 1226 3424 non
1262 3359 1462 3436 necessarii.

315 3443 405 3509 Nam
423 3445 506 3528 quid
530 3453 581 3510 est
604 3448 639 3511 ln
665 3449 726 3512 hoo
743 3466 863 3529 genere
888 3450 1133 3513 necessarium?
1154 3452 1214 3511 aut
1234 3466 1306 3527 quio
1329 3446 1367 3508 id
1392 3465 1464 3509 mo-

268 3548 272 3557 ·
304 3531 396 3595 ¹dulo
411 3531 612 3597 metiendum
625 3538 701 3597 est?
726 3543 760 3599 et
772 3555 847 3618 quae
861 3536 949 3599 ratio
962 3542 1025 3610 est,
1047 3536 1076 3598 si
1101 3534 1190 3616 quod
1205 3534 1350 3597 verbum
1375 3552 1465 3597 nunc

318 3617 468 3683 additum
496 3638 584 3685 nunc
610 3622 770 3685 omissum
800 3623 973 3703 reperitur,
1009 3640 1051 3686 ex
1090 3640 1158 3703 qua
1195 3620 1309 3701 colligi
1340 3622 1467 3702 pomit,

319 3711 431 3769 utrum
445 3706 595 3770 additum
609 3708 767 3781 abundet,
783 3711 941 3771 omissum
959 3708 1174 3781 desideretur,
1190 3710 1244 3771 an'
1259 3726 1334 3775 nec,
1360 3708 1394 3770 si
1410 3704 1469 3767 ad·

321 3792 378 3869 sit,
393 3793 606 3874 superfluum,
623 3814 694 3868 nec,
717 3790 744 3859 si
769 3794 868 3867 absit,
894 3794 1145 3875 intelligendum
1167 3794 1348 3857 rideamrt
1374 3794 1473 3855 deni·

322 3897 388 3961 que
399 3878 475 3962 quis
489 3878 565 3943 linis
580 3886 642 3953 est,
655 3900 721 3961 quo
736 3881 801 3943 ista
814 3881 998 3965 pleonasmi
1024 3888 1125 3963 atque
1146 3880 1302 3963 ellipseos
1324 3880 1475 3942 lieentia
1538 3923 1539 3980 p

322 3966 532 4039 terminetur,
547 3986 590 4036 ne
603 3968 807 4050 pleonastice
822 3968 982 4030 habeatur
995 3970 1116 4039 oratio,
1131 3968 1160 4030 si
1183 3968 1259 4047 quis
1272 3968 1399 4029 omnia
1422 3966 1475 4027 bis

324 4054 415 4115 terve
436 4050 537 4125 dicat,
552 4054 711 4137 clliptica,
727 4054 755 4115 si
770 4054 884 4116 omnia
892 4055 1052 4121 omittens
1066 4072 1203 4136 prorsus
1220 4054 1362 4115 moesti
1414 4050 1475 4115 Ni-

322 4138 449 4202 mirum
467 4138 509 4202 al)
523 4158 583 4205 usu
605 4146 704 4221 atque
717 4140 937 4223 experientia,
962 4141 1053 4220 quod
1076 4142 1236 4202 hactenus
1252 4138 1396 4202 factum
1412 4146 1475 4205 est.

327 4223 396 4288 haec
410 4227 515 4307 repeti
541 4233 717 4307 nequeunt,
731 4228 812 4309 quia
838 4246 932 4299 usus,
954 4228 1036 4309 quid
1059 4226 1129 4299 fiat,
1155 4225 1264 4296 docet,
1288 4244 1363 4289 non
1395 4226 1479 4307 quid

327 4309 448 4375 debeat
462 4312 618 4389 lieri,aut
640 4313 710 4377 lieri
735 4332 802 4376 non
826 4314 950 4396 possit:
975 4314 1030 4377 sed
1054 4312 1089 4376 in
1117 4313 1199 4375 illud
1220 4316 1273 4374 est
1299 4314 1478 4393 inquiren

327 4394 420 4471 dum,
435 4397 470 4459 in
485 4416 551 4479 quo
565 4406 685 4464 natura
709 4400 822 4485 posite
835 4406 886 4462 eat
908 4401 1018 4463 omnis
1041 4398 1212 4470 orationis,
1232 4398 1324 4479 quod
1349 4402 1480 4465 solum.

328 4484 409 4559 quia
422 4490 581 4549 aeternum
595 4492 690 4550 estet
711 4487 932 4563 immutabile,
944 4494 1049 4549 certas
1072 4486 1248 4565 firmosque
1260 4490 1385 4565 potest
1408 4502 1478 4549 ora

328 4566 431 4630 tionis
443 4570 532 4649 leges
553 4576 732 4636 continere.
776 4570 989 4637 Servobimus
1010 4581 1123 4635 autem
1150 4590 1210 4633 nos
1236 4570 1382 4649 quidem
1412 4572 1480 4633 sul

184 4698 195 4712 .
329 4668 425 4731 geres
441 4656 523 4719 istas
538 4658 757 4739 definitiones,
777 4676 860 4739 quas
874 4659 974 4721 modo
993 4658 1328 4723 commemoravimus
1389 4657 1478 4723 Nam
