3117 5175
504 425 732 511 'menam
752 429 935 514 muana
978 428 982 434 ’
1212 423 1272 512 m

141 617 187 682 sit
200 614 287 700 apud
301 612 439 684 Latinos
454 618 625 702 particula
648 637 744 710 ονονκ
763 639 844 685 usna
859 620 895 686 ln
918 619 1164 704 comparatione
1192 619 1294 699 lna,
1335 687 1340 694 .

139 705 297 788 qualium·
320 724 434 768 eousu
458 706 583 792 tactum
606 725 690 784 esse,
711 711 750 770 nt
774 724 870 794 quam
893 707 1125 776 etiamsolum
1153 723 1215 795 per
1236 720 1273 768 ae
1335 705 1366 781 ',

141 789 339 873 significaret
362 787 469 877 magis
485 791 590 879 quam
635 789 673 856 In
687 810 787 873 quarn
813 815 883 859 rem
912 799 1036 861 certae
1060 788 1178 862 Graeco
1202 801 1273 856 ser·

140 897 239 942 mona
253 879 381 941 illustre
394 880 581 964 exemplum
596 880 755 948 hahemus
770 883 967 965 particulam
982 879 1058 964 πρὶν,
1082 898 1157 962 qnae
1171 894 1274 962 quum

49 1005 53 1013 ‚
138 965 275 1048 proprie
290 966 338 1027 sic
351 973 438 1029 esset
451 965 653 1054 usurpanda,
666 969 704 1029 ut
718 965 813 1052 arpini
827 967 1001 1041 diceretur,
1014 965 1191 1049 paullatim
1206 965 1275 1035 fao,

139 1055 286 1136 tumeat,
307 1055 346 1114 ut
359 1051 422 1135 πρὶν
436 1049 537 1115 etlam
563 1070 648 1116 nunc
666 1067 732 1134 ¹pru
752 1051 772 1122 ἢ
794 1057 1029 1142 usurparetur:
1054 1048 1116 1117 Mu
1141 1051 1206 1136 aph
1222 1045 1276 1114 'tr'

140 1137 233 1202 laun
247 1136 336 1210 tutas,
351 1135 400 1200 nal
421 1139 467 1201 ’ἐπι
482 1141 584 1222 κνέφας
598 1135 702 1216 ἐλθεῖν,
718 1135 794 1228 Πρῖν
808 1165 847 1214 με
861 1131 1042 1222 κατιαρπνές
1053 1139 1166 1212 βαλέειν
1182 1134 1278 1222 Hpui-v

141 1247 205 1297 μοιο
218 1220 374 1308 μέλαθρον,
388 1241 474 1288 nunc
488 1243 547 1317 pro
562 1223 625 1309 mpii
639 1219 679 1292 ii:
701 1220 766 1288 Tin
789 1224 816 1287 δ’
830 1225 887 1302 ὲγο)
903 1232 935 1289 ou
947 1227 1039 1300 λύσω,
1063 1227 1130 1308 nupia
1151 1250 1201 1297 μιν
1227 1219 1276 1286 καὶ
1286 1217 1344 1284 189

139 1313 232 1394 γῆρας
253 1311 362 1373 ἔπεισιν.
406 1307 594 1392 Utrumque
608 1329 743 1394 prorsus
757 1314 874 1378 eodem
891 1309 988 1375 modo
1001 1310 1039 1376 ht
1059 1311 1148 1396 apud
1163 1327 1223 1376 noa
1240 1311 1277 1381 in

98 1423 100 1428 ¹
140 1395 315 1479 particulis
330 1395 461 1460 edmvel
478 1394 545 1470 οΙισ,
561 1401 594 1460 et
609 1395 711 1462 bonor.
1269 1465 1272 1471 ,

185 1479 225 1545 In
241 1481 355 1546 eodem
371 1483 525 1546 adverbio
548 1485 663 1558 μᾶλλον
693 1481 828 1566 gravius
841 1482 944 1546 ctiam
969 1479 1090 1551 errant
1104 1478 1279 1550 leimarus

141 1587 176 1652 p.
191 1565 267 1632 481.
294 1573 408 1642 μᾶλλον
422 1567 441 1637 i
457 1569 565 1633 omitti
582 1575 716 1654 putans,
732 1567 790 1632 uhi
818 1569 996 1652 positivum
1024 1584 1145 1636 nomeu
1169 1566 1278 1636 inllul·

140 1655 212 1719 tiro
223 1655 386 1737 jnngltur‚
403 1657 462 1730 sic,
476 1661 514 1719 ut
528 1655 654 1738 aliquid
676 1655 816 1722 nimium
831 1673 902 1721 esee
916 1654 1089 1728 iudicetur,
1112 1673 1213 1735 quam
1235 1653 1279 1725 ad

142 1747 269 1806 certum
300 1741 398 1805 linem
436 1761 567 1811 necesse
595 1749 656 1815 est,
688 1748 726 1807 ut
762 1741 852 1826 apud
885 1738 980 1812 Xeno
1006 1746 1139 1810 hontem
1176 1739 1276 1804 Mem.

142 1825 234 1890 Soet.
252 1827 301 1894 iii.
325 1825 374 1907 13,
387 1827 419 1892 3.
447 1829 527 1892 α’λλοὶ
552 1827 681 1914 ψυχρὸν,
697 1830 763 1912 ἔφη,
785 1828 858 1889 ὥστε
872 1762 1152 1903 inlacrimante·
1193 1824 1279 1894 Oun-

141 1911 233 1994 itrgit
248 1913 282 1976 in
298 1915 487 1996 hujusmodi
503 1916 662 2000 exemplis
677 1917 778 1980 ctiam
792 1911 1067 1996 Wytteabachius
1083 1914 1124 1977 ad
1146 1910 1279 2000 ellipsin

142 1999 181 2062 in
197 1997 283 2065 Bibl.
300 1997 381 2065 Crit.
398 2001 448 2064 lii.
460 1999 493 2068 2.
509 2019 544 2086 p.
560 2001 611 2066 65.
636 2005 910 2067 commemoratus
929 2021 950 2066 a
971 1999 1148 2064 Schaeiero
1162 2003 1197 2064 et
1212 1999 1280 2074 hlc,

143 2089 179 2148 et
207 2105 241 2168 p.
276 2085 344 2162 132.
375 2087 431 2151 ubi
461 2087 558 2172 plura
586 2089 626 2151 de
654 2089 716 2153 hoc
738 2089 894 2171 loquendi
928 2089 1024 2151 modo
1056 2087 1156 2150 allata
1188 2092 1279 2150 aunt.

143 2169 247 2242 Nulla
262 2173 316 2236 hic
329 2173 457 2263 ellipsis
469 2179 528 2253 est,
549 2175 617 2238 aive
631 2175 822 2260 positivum,
837 2173 907 2264 alva
917 2173 1189 2259 comparativum,
1211 2171 1282 2238 aive

142 2259 383 2340 superlativum
408 2264 453 2325 sit
479 2279 609 2326 nomeu.
652 2259 741 2326 Nam
767 2261 837 2328 hae
861 2262 1012 2345 loquutio
1037 2261 1085 2321 alc
1110 2257 1207 2321 dehet
1234 2258 1282 2320 in·

143 2345 267 2426 telligi‚
283 2351 321 2409 ut
337 2347 425 2410 istud
449 2365 581 2420 nomeu,
609 2347 728 2428 inquo
753 2347 841 2410 ineat
865 2347 1084 2429 comparatio,
1107 2344 1168 2407 tali
1194 2343 1282 2413 vocis
1311 2391 1320 2412 ,

143 2431 405 2499 conformatione
441 2433 651 2518 pronunciari
681 2437 828 2518 putetur,
856 2450 929 2513 quoe
963 2428 1204 2494 dubitationem
1237 2431 1284 2498 lo-

144 2520 281 2601 quentis
294 2519 469 2603 exprimat.
515 2517 622 2582 Nemo
636 2519 724 2581 enim
739 2537 806 2584 non
818 2519 951 2590 sentiet,
974 2517 1064 2582 aliud
1088 2533 1158 2580 esse
1173 2521 1284 2580 utrum
1339 2585 1363 2594 Η

143 2624 233 2691 aquo
243 2602 378 2693 fligidu
401 2606 446 2669 aul
460 2604 634 2673 lavandum
662 2607 710 2669 sic
723 2603 866 2677 dicatur,
888 2612 927 2671 ut
941 2604 1133 2669 vocabulum
1146 2600 1284 2693 frigida

142 2710 213 2755 non
229 2692 337 2766 aliter,
359 2710 461 2774 quam
485 2692 614 2773 reliqua
637 2691 887 2772 pronuncietur‚
910 2710 952 2755 an
980 2692 1066 2755 idem
1089 2690 1284 2755 vocabulum

142 2780 281 2860 gravius
309 2785 343 2841 et
370 2798 445 2843 cum
471 2778 615 2859 quadam
637 2776 845 2843 hesitatione
865 2776 1066 2861 proseratur,
1091 2778 1186 2859 cujus
1215 2778 1286 2845 haec

142 2864 198 2926 vis
213 2870 285 3012 eat,¹
298 2868 337 2926 ut
351 2864 525 2937 indicetur,
551 2864 632 2927 satis
653 2862 809 2945 frigidam
824 2862 901 2938 dici,
924 2882 1024 2951 qnam
1047 2882 1113 2945 qua
1136 2864 1212 2949 quis
1238 2866 1284 2927 la·

143 2950 220 3013 vari
236 2968 275 3014 ve
289 2950 327 3013 it.

194 3032 273 3099 Non
288 3034 407 3119 magia,
422 3036 479 3101 ubi
501 3041 616 3113 μᾶλλον
631 3040 706 3121 post
720 3036 774 3123 top
788 3036 896 3114 abest,
917 3056 957 3099 ea
982 3056 1052 3101 esse
1073 3037 1200 3119 ellipsis
1225 3054 1285 3121 pu·

143 3120 253 3187 tanda
266 3128 333 3185 est:
357 3128 393 3186 ut
416 3125 506 3209 apud
528 3122 751 3209 Thucydidem
775 3126 820 3186 ri.
845 3120 899 3187 89.
923 3122 1004 3208 (non
1026 3122 1096 3207 86.)
1121 3121 1180 3187 ἐπεὶ
1195 3120 1284 3201 δομο·
1294 3122 1355 3189 190

145 3210 270 3293 κρατίαν
297 3234 331 3284 γε
352 3208 401 3271 καὶ
420 3210 623 3286 ἐγιγνώσκομεν
642 3214 666 3273 οἱ
687 3213 847 3292 φρονοῦνσές
871 3235 911 3282 τι,
937 3209 985 3271 καὶ
1011 3208 1098 3271 αι’ντὸς
1122 3207 1227 3272 οὐδενὸς
1251 3206 1284 3273 ἂν

131 3298 259 3383 χεῖρον,
286 3296 339 3357 ὅσον
359 3294 409 3357 καὶ
431 3296 634 3383 λοιδορήσαιμι.
688 3292 789 3369 Nam,
815 3302 854 3361 ui
879 3315 979 3379 supra
1006 3295 1222 3367 ostendimus,
1245 3314 1285 3361 eit

143 3400 217 3445 non
235 3387 285 3447 est
300 3360 437 3463 ellipsis,
461 3403 562 3468 quum
585 3382 779 3447 vocabulum
802 3384 873 3463 jam
901 3388 999 3445 antee
1019 3384 1163 3470 positum
1185 3384 1228 3445 oh
1250 3372 1285 3446 id

143 3468 261 3553 ipsum
276 3468 421 3555 hispani
438 3468 651 3536 detrectatur.
695 3468 800 3551 Atqui
814 3470 929 3543 μᾶλλον
945 3471 979 3531 in
999 3469 1089 3531 omni
1114 3486 1283 3552 compara-

140 3554 217 3620 tivo
244 3556 342 3627 inest,
365 3554 415 3619 ita
438 3561 476 3619 ut
497 3560 593 3641 χεῖρον
619 3558 654 3619 in
679 3552 879 3637 Thucydidis
893 3555 964 3618 loco
981 3556 1026 3616 sit
1046 3547 1161 3625 μᾶλλον
1175 3564 1281 3620 κακῶς.

143 3636 200 3703 Ex
216 3640 330 3707 eodem
356 3660 475 3721 genere
499 3650 548 3708 est
566 3642 701 3705 omissio
725 3642 955 3705 adverbiorum
978 3638 1039 3705 οὐδὲ
1062 3646 1096 3704 et
1118 3639 1194 3717 οὔτε,
1217 3642 1285 3708 alla

144 3734 310 3808 sequente
325 3731 521 3809 negatione:
546 3729 587 3794 de
608 3745 675 3810 qua
689 3747 725 3791 re
747 3727 908 3811 explicuit
932 3725 1128 3791 Schaeierus
1148 3746 1184 3813 p.
1206 3726 1282 3793 485.

143 3812 240 3879 Nam
258 3814 327 3877 haec
340 3814 437 3895 longe
448 3814 515 3879 alia
530 3816 711 3896 figuraest,
728 3814 973 3897 quamellipsia.

191 3896 336 3984 Ellipain
350 3902 521 3983 particula
535 3902 577 3970 ia
603 3920 643 3965 ne
670 3918 958 3969 commemorarem
982 3900 1126 3981 quidem,
1151 3901 1217 3965 nisi
1231 3919 1284 3964 ue·

144 4006 253 4061 rerer,
277 4007 318 4050 ne
333 4006 430 4068 quem
446 3984 492 4051 H.
517 3985 677 4071 Stephani
702 3989 884 4051 auctoritas
909 3988 944 4051 in
968 4006 1111 4055 errorem
1135 3984 1285 4069 implica·

145 4076 223 4135 ret:
257 4074 312 4155 qui
343 4092 443 4157 quum
474 4092 548 4138 eam
578 4074 774 4161 particulam
803 4075 955 4139 omissam
984 4073 1130 4138 crederet
1158 4072 1194 4135 iu
1224 4072 1286 4139 hoc

144 4155 351 4240 Thucydidis
367 4161 451 4234 loc0,
473 4182 503 4224 v.
519 4160 571 4225 61.
598 4160 648 4223 καῖ
675 4160 842 4246 προσβολὰς
867 4163 1018 4233 ἐποιοῦντο,
1042 4160 1206 4232 βουλόμενοι
1231 4157 1304 4229 ἕλη
1343 4223 1347 4232 ,

146 4257 213 4307 λως
227 4270 259 4306 τε
273 4244 477 4329 προσγενέσθαι
492 4250 578 4329 σφίσι,
591 4246 641 4310 καῖ
664 4248 762 4332 ’ὅμοροι
786 4250 818 4310 ἔκ
843 4252 896 4315 τῆς
911 4242 1069 4332 Ἀρκαδίας
1090 4242 1160 4311 ἦσαν
1181 4242 1285 4309 αὐτόθι

146 4328 210 4397 rinei
241 4329 468 4407 Λακεδαιμονίων
503 4336 635 4409 κείμενοι,
673 4353 740 4398 11011
773 4333 1017 4406 animadvertit,
1051 4327 1285 4413 Thucydidem,

146 4416 243 4501 quod
266 4416 389 4485 iaiacit
410 4418 603 4506 saepissime,
626 4442 728 4505 quum
750 4428 828 4489 aute
852 4439 894 4487 ex
920 4420 1029 4483 aliena
1055 4419 1216 4483 sannatia
1238 4419 1286 4483 lo-

147 4508 399 4594 quutus'esset,
411 4524 452 4571 ex
466 4526 527 4573 sua
541 4506 648 4591 ipsius
663 4510 828 4574 sententia
849 4507 939 4590 loqui
962 4521 1109 4588 pergere.
1155 4500 1285 4589 Majore

145 4610 226 4659 curn
253 4595 361 4677 specie
385 4594 494 4661 afferri
520 4596 705 4685 potuissent
727 4598 812 4660 tales
833 4596 907 4673 loci,
929 4592 1043 4675 quales
1068 4588 1221 4657 Matthia
1248 4592 1285 4658 in

144 4675 270 4749 Gracc
283 4683 501 4767 grammatica
512 4702 547 4771 p.
562 4678 638 4751 756.
653 4685 805 4769 protulit,
826 4686 866 4750 ut
891 4679 1064 4769 Sophoclis
1082 4680 1119 4747 ia
1144 4677 1284 4747 Philoct.
