3117 5175
513 472 873 521 merserant-erneretur
1192 444 1258 516 385

121 615 289 681 omittitur
311 614 449 697 εὔχομαι,
466 620 516 683 uel
540 620 652 704 potius
679 620 813 705 εὔχεται,
833 628 889 687 ut:
910 618 1099 705 Ἀλέξανδρος
1118 618 1254 707 Ἀριστο-

120 706 195 765 νέλεν
211 707 321 789 χαίρειν
336 700 397 783 (sc.
415 705 560 790 εὔχετο).
605 704 786 772 Aaronem
798 706 967 773 Aristoteli
977 706 1111 773 saltuem
1121 704 1255 791 (appre-

119 790 238 874 catur).
284 788 417 856 Plenius
432 792 465 855 id
478 789 625 857 ioannes
639 795 673 857 in
697 794 718 859 3
737 792 842 879 Epist.
863 815 930 861 rer.
949 794 979 858 2.
1002 793 1174 869 Ἀγαπητέ,
1187 790 1256 877 περὶ

120 878 238 940 πάντων
253 876 382 957 εὔχομαί
405 902 434 940 σε
457 876 618 943 εὐοδοῦσθαι
641 880 689 942 sai
714 883 851 954 ὑγιαίνειν.
896 881 1163 961 subintelligitur
1176 898 1256 943 veto

121 960 437 1045 inEpist.Jacobii.
460 964 514 1028 1¹.
681 984 683 990 ·
740 998 742 1003 ·
1049 987 1053 991 ⁴

164 1044 306 1129 Ειᾌςομαν
320 1067 394 1112 cum
409 1050 453 1111 ἵνα
463 1049 555 1115 deest
570 1052 602 1115 in
618 1052 662 1124 air
676 1056 794 1128 electro,
809 1051 903 1127 abet,
924 1072 997 1132 quse
1017 1073 1080 1117 vox
1091 1057 1144 1117 est
1156 1070 1256 1117 oman

120 1136 351 1199 aversantium.
399 1132 498 1200 Plene
513 1137 617 1217 igitur
627 1139 735 1203 dicas:
760 1137 914 1221 Εὔχομοιι,
929 1140 973 1203 ‘ira
986 1138 1031 1214 tsi
1047 1142 1164 1214 γένοντο.
1177 1135 1256 1201 Pre-

121 1240 188 1293 cor,
202 1229 238 1284 ut
253 1240 292 1285 nc
309 1218 386 1303 fiat.
430 1218 482 1303 [ln
497 1224 620 1287 talibus
632 1225 813 1309 optativus,
832 1228 890 1308 qui
909 1223 1042 1309 proprie
1055 1225 1188 1299 dicitur,
1199 1225 1257 1289 ob-

121 1309 222 1381 tinet,
237 1326 295 1371 nec
308 1307 489 1389 quidquam
500 1309 762 1377 subaudiendum
778 1317 840 1377 est.
864 1312 1032 1394 Sostra]

166 1394 189 1434 *
210 1390 246 1457 Iu
273 1394 340 1457 illis
363 1395 526 1471 salutandi
552 1396 702 1461 formulis
730 1396 919 1462 Priscianus
941 1400 1000 1462 lib.
1022 1396 1114 1461 xviii.
1137 1396 1259 1463 subau-

120 1476 187 1542 ‹liri
201 1499 298 1565 posse
312 1486 423 1545 censet
444 1486 568 1545 κελεύοι
593 1486 644 1547 uti
667 1490 719 1548 est
743 1486 831 1567 apud
852 1483 1009 1549 latinos:
1032 1481 1161 1557 selvae,
1175 1504 1262 1570 geu·

122 1564 198 1631 ciere
219 1576 248 1631 te
266 1565 377 1651 jubeo.
422 1565 478 1631 Sic
499 1566 676 1634 Terentius
701 1570 842 1654 Adelph.
867 1571 941 1635 Act.
972 1571 1022 1634 iii.
1053 1568 1106 1633 Sc.
1135 1572 1181 1635 iv.
1208 1570 1259 1635 14.

120 1648 254 1717 8ο1οονε
267 1648 449 1737 Hegioroem
460 1652 636 1741 plurimum
649 1656 762 1742 jubeo.
807 1658 917 1721 Schol.
944 1656 1002 1720 Gr.
1026 1656 1071 1720 ad
1090 1652 1260 1726 Theocriti

121 1734 215 1820 ldyll.
232 1740 299 1804 xlv.
327 1740 358 1802 1.·
377 1737 490 1824 Χαίρον
512 1742 615 1804 πολλοὶ
639 1742 684 1805 riu
710 1742 794 1828 ἄνδρα
817 1742 983 1824 Θυώννχον,
1005 1742 1163 1808 subaudit
1176 1748 1263 1818 γένον-

121 1850 167 1899 το,
192 1826 345 1899 relat-se.
389 1823 508 1891 Malim
528 1834 639 1891 tamen
665 1836 742 1892 cum'
761 1835 871 1893 nostro
890 1836 1026 1894 auctore
1046 1829 1081 1892 in
1098 1828 1261 1911 ejusmodi

119 1912 301 1975 subaudire
326 1912 360 1974 τὸ
389 1910 540 1993 εὔχεσθαι.
587 1912 780 1979 Graecorum
813 1917 1002 1980 imitatione
1024 1916 1128 1979 etiam
1148 1912 1263 1979 Latini

119 2000 350 2081 repetiimus
367 1998 555 2079 loquuntur.
599 1998 761 2067 Horatius
777 2003 833 2065 lib.
852 2005 875 2066 i.
890 2000 953 2064 Otl.
974 2003 1011 2065 ii.
1035 2020 1066 2064 v.
1079 1998 1135 2064 45.
1167 2000 1265 2065 Sciret

118 2081 413 2149 incoelumretieos.
438 2106 467 2148 s.
481 2105 600 2172 meror.
647 2085 746 2152 Plene
770 2087 856 2152 idern
882 2089 937 2151 lib.
963 2087 987 2151 i.
1009 2084 1073 2150 Od.
1098 2088 1147 2151 iii.
1172 2106 1203 2151 v.
1228 2086 1263 2153 7.

95 2166 253 2233 ,Μάιος
275 2167 464 2234 incolumem
485 2192 606 2257 precor.
631 2172 796 2239 Sonwno.
842 2172 1018 2257 Euripides
1043 2172 1192 2257 Supplic.
1219 2175 1264 2237 in.

120 2254 585 2339 Δήμητερ,---εὖδανμονεῖν
595 2285 647 2333 με,
659 2258 763 2325 Θησέα
779 2288 812 2322 τε
819 2259 905 2323 παῖδ’
917 2260 997 2334 ἐμὸν,
1006 2287 1035 2322 κ.
1054 2286 1082 2322 τ.
1093 2272 1126 2322 λ.
1150 2256 1267 2323 Mark-
1370 2337 1372 2340 Ι

118 2341 241 2407 landus
255 2343 297 2407 ad
313 2344 346 2406 h.
361 2346 380 2409 l.
404 2353 428 2383 “
445 2340 617 2409 Reticetur
627 2342 773 2410 Verbum
789 2346 915 2427 εὔχομαι
933 2344 985 2426 (ut
999 2346 1083 2410 bene
1098 2344 1266 2431 Brodaeue)

117 2430 173 2493 rel
191 2430 260 2494 tale
273 2430 401 2511 aliquid
414 2434 491 2493 ante
504 2427 708 2513 Infinitivum
723 2433 905 2507 εὐδαιμονεῖν,
917 2435 983 2496 rer.
999 2432 1029 2497 3.
1074 2430 1117 2496 Et
1130 2434 1190 2498 hoo
1199 2434 1266 2495 usi·

116 2520 232 2579 tatum
247 2517 281 2579 in
294 2512 410 2580 Votis:
435 2517 509 2579 ride
522 2517 693 2604 Aristoph.
708 2516 792 2583 Rau.
809 2518 885 2582 914.
909 2516 985 2582 920.
1032 2517 1174 2583 Acharn.
1190 2518 1265 2582 250.

116 2603 182 2666 ubi
197 2605 281 2668 male
294 2605 493 2685 intelligitur
505 2625 520 2666 ε.
538 2603 698 2684 Herqdot.
713 2627 744 2670 r.
764 2604 835 2670 105.
850 2616 884 2670 et
896 2602 972 2669 Jec.
988 2603 1191 2669 Gronovium
1203 2607 1265 2669 ibi.

115 2689 284 2773 Apposite
298 2691 340 2754 ad
360 2687 444 2754 Rem
465 2694 499 2754 et
523 2693 564 2756 ed
587 2690 801 2757 Locutionem
825 2689 948 2754 Noster
963 2689 1083 2756 Electr.
1107 2689 1181 2756 805.
1205 2693 1264 2756 ubi

116 2773 307 2857 AEgisthns,
331 2779 365 2840 in
390 2777 523 2859 privato
545 2781 579 2840 et
600 2777 782 2844 domestico
807 2775 977 2842 Sacrificio
1003 2777 1077 2861 ipse
1104 2795 1183 2842 suus
1204 2775 1266 2840 Se·

114 2862 246 2940 cardos,
268 2880 330 2946 pro
341 2882 377 2929 se
390 2863 437 2928 ita
452 2868 617 2948 precatur,

114 3098 133 3126 “
149 3110 243 3160 quens.
276 3097 400 3162 Exempla
418 3105 550 3148 occurrunt
566 3113 671 3162 soquen-
721 3098 782 3146 bum
793 3097 869 3152 deest,
880 3095 989 3148 occonit
1000 3091 1092 3146 Mettis.
1105 3095 1200 3160 Ereog.
1212 3093 1267 3148 xxi.

114 3165 134 3191 “
154 3162 209 3212 tia:
226 3161 319 3212 Metili.
339 3179 364 3212 v.
384 3164 671 3224 34,89.coll.ver.4t.
719 3167 744 3212 9.
760 3163 852 3209 Ὡσαννὰ
872 3165 904 3223 οξ
923 3160 1052 3224 utquam.
1081 3163 1204 3211 intellexit
1221 3165 1269 3212 Pe-

115 3229 133 3256 “
154 3226 330 3292 Hippocrates
339 3227 481 3292 aphorism.
493 3235 553 3277 sect.
562 3229 595 3276 iv.
607 3227 670 3278 locis
718 3237 771 3276 trus
782 3227 899 3275 Possinus
909 3227 1029 3290 Spicilcg.
1039 3227 1165 3290 Evangc.
1176 3233 1216 3276 52.
1228 3227 1269 3277 in-

112 3295 133 3320 “
152 3293 210 3342 iere
220 3291 365 3342 innumeris.
396 3291 570 3342 Callimachus
578 3294 670 3356 byrrum
718 3292 877 3341 commodam
902 3309 957 3341 esse
984 3291 1048 3340 hanc
1076 3290 1266 3355 interpretatio·

111 3359 131 3385 “
153 3359 185 3407 in
198 3355 573 3418 neocaesariensem&
597 3360 669 3408 Arte·
717 3372 784 3405 nem.
819 3358 1169 3421 Servaauaeomuwaetu.
1203 3360 1266 3408 Post

111 3425 131 3452 “
152 3421 349 3472 minoratas.
366 3424 507 3487 Adde,quae
518 3423 669 3474 notatWol·
718 3423 788 3472 veria
804 3429 887 3470 temen
906 3421 932 3470 in
954 3422 1019 3472 hanc
1037 3437 1089 3470 rem
1103 3423 1211 3471 adducta
1228 3437 1277 3477 eo,

111 3487 132 3516 “
151 3483 390 3537 llusadLibaninm
401 3488 474 3551 epist.
490 3491 615 3552 lopas,
627 3491 668 3538 40.
716 3487 820 3536 undem
847 3485 983 3546 delebitur,
1018 3496 1045 3535 ut
1068 3483 1145 3546 dicat,
1170 3487 1264 3535 'mane

111 3553 132 3579 ‘⁶
149 3551 234 3618 epist.
245 3554 287 3601 9³.
299 3552 411 3616 p.281.”
716 3561 775 3601 tunc
787 3550 909 3614 temporis
917 3567 933 3599 a
946 3551 1042 3600 Judseis
1049 3549 1131 3600 dictos
1138 3549 1216 3599 luisse
1223 3567 1265 3601 ra·

147 3619 218 3668 naec
230 3616 294 3666 olim
305 3617 496 3680 Schoettgenins
505 3617 604 3682 adjecit,
623 3619 668 3667 sed
715 3631 771 3666 mos
782 3617 937 3680 palmarum:
952 3616 1111 3689 quodneque
1125 3616 1263 3666 absurdum

112 3683 140 3732 in
160 3681 309 3748 posteriore
326 3682 437 3732 editione
447 3699 501 3743 sua,
517 3690 606 3746 quarta
622 3682 669 3731 sci·
715 3690 800 3737 est,ee
821 3681 895 3740 illud,
904 3683 972 3744 quod
990 3681 1093 3743 quidam
1112 3679 1137 3730 io
1152 3681 1264 3748 terebris

112 3747 193 3808 licet,
205 3747 346 3810 expunxit:
362 3763 408 3797 nos
429 3763 488 3798 vero
507 3748 531 3796 in
552 3747 667 3812 presenti
717 3749 826 3810 Pepetus
844 3755 902 3794 ante
922 3754 1083 3794 restauratam
1094 3744 1264 3796 litteraturam

107 3812 244 3869 editione,
255 3823 282 3860 ut
292 3813 323 3861 dc
333 3811 460 3874 prioribus
471 3813 545 3875 hujus
558 3812 610 3860 Viri
624 3828 669 3861 co·
717 3811 817 3860 Osanna
828 3825 918 3859 nomen
926 3809 1050 3859 muliebre
1063 3809 1170 3873 putavit,
1181 3822 1265 3874 eoque

127 3877 207 3926 'tatis
215 3875 292 3925 etiam
303 3887 409 3938 constet,
423 3877 473 3926 lure
485 3877 668 3926 revocavimus.
716 3888 864 3940 componam
888 3891 905 3923 a
924 3890 952 3923 se
972 3873 1127 3938 baptizatum
1149 3876 1262 3926 vocavit.

123 3943 208 3992 nonu
224 3951 263 3990 est
281 3941 450 4006 schoettgenii
466 3942 519 3990 hec
530 3941 668 4000 adsumtio,
716 3940 798 4001 Certe,
821 3939 865 4004 qui
894 3939 1003 4004 Ellipsin
1025 3938 1068 3987 hic
1095 3940 1192 4000 statuit,
1214 3956 1265 4005 op-

104 4005 369 4122 tumulltu
388 4004 667 4120 utilibuit.
716 4003 993 4119 tutudisti
1009 4005 1265 4132 {elilim

106 4135 188 4186 mter
211 4135 248 4194 ον,
265 4135 401 4186 tmuium
417 4135 486 4195 tuos,
501 4086 565 4199 qui.
581 4137 668 4200 vargo,
714 4136 786 4184 aa.
819 4085 1040 4198 ieiumi..
1067 4103 1135 4182 νιννὲ
1157 4135 1261 4183 mrem

103 4211 137 4252 nt
151 4199 360 4260 Miletos,
374 4201 478 4265 explent
494 4201 666 4250 subaudiendo
717 4198 812 4263 prolixi
832 4200 919 4254 simus,
945 4198 1205 4267 apud.Gtoddeccum
1228 4199 1263 4248 de

103 4267 227 4330 νὸχνμν,
248 4265 360 4328 Meropas,
384 4267 471 4329 pluero.
493 4263 533 4321 tt,
551 4265 614 4325 sits,
630 4263 667 4321 iri,
716 4264 861 4313 ceremonia
881 4265 1032 4327 palmarum
1042 4279 1068 4312 c.
1078 4265 1103 4312 ¹1.
1135 4261 1205 4312 Idem
1213 4278 1262 4312 aa·

100 4331 168 4382 alin
183 4329 315 4394 isigonus,
329 4339 458 4395 prouteut
475 4331 586 4394 optantis
602 4339 667 4389 sunt,
717 4337 768 4378 tem
788 4328 1044 4394 nobiscuquuoopte
1064 4325 1151 4377 statuit
1173 4327 1263 4378 rern-

100 4406 155 4448 aet
175 4394 304 4460 jubentis,
320 4396 440 4460 reliquias
459 4411 515 4445 esse
535 4395 626 4459 prisca»
641 4394 667 4443 in
717 4393 769 4445 rius
796 4396 827 4443 de
850 4392 1084 4445 Acclamationibus
1104 4391 1262 4444 Veterani.

99 4458 667 4535 sumendaoratiouesimplicitatiqvicesque
716 4458 851 4510 thetrii.
870 4462 895 4509 0.
911 4457 1081 4532 quirpluribus
1094 4455 1153 4504 aliis
1167 4457 1263 4521 probe-
1325 4460 1332 4480 ⁸
1387 4459 1396 4475 '

176 4541 206 4576 rs
220 4539 291 4576 nuuc
305 4525 413 4590 optativi
431 4541 497 4576 nuuc
516 4525 667 4590 imperativi.
715 4533 769 4574 tum
790 4524 869 4582 dedit,
894 4534 992 4574 retexes
1020 4535 1045 4569 m
1070 4520 1263 4574 acclamationi·

99 4541 262 4652 grissa]
716 4588 764 4638 bus
780 4590 923 4640 munaus
942 4585 1085 4650 locutiones
1103 4583 1262 4642 eutibuae.

142 4663 157 4695 ¹
178 4653 480 4722 augaunensium,
497 4654 601 4708 ubibec
612 4669 666 4707 ver·
715 4653 878 4708 Seuoerru.
1207 4663 1224 4690 N

1034 4743 1050 4789 2
1068 4737 1088 4784 0
