3117 5175
320 406 358 471 16
619 451 624 465 ·
660 400 663 404 ’
709 389 1045 483 amrsrsnounnsi.

314 577 371 641 Ἐκ
385 580 457 644 τίνος
471 585 580 645 autem
591 580 677 646 dixit
687 582 774 647 idem
792 586 825 649 in
849 581 924 648 Hel.
938 604 970 649 v.
988 580 1080 647 1286.
1126 578 1176 644 De
1189 598 1305 647 caussa
1318 586 1447 659 autem,

57 675 60 754 j,
313 668 549 746 quamdicunt‚
562 668 655 731 finali
669 669 731 733 hoc
744 672 817 735 loeo
833 690 903 735 esse
916 688 1099 735 sermonem
1115 665 1258 732 Menelai
1271 668 1449 752 responsio

312 754 443 834 probat.
468 752 607 817 Bonus.
1078 786 1084 799 ·

354 836 376 885 Ψ
398 835 435 902 ln
458 840 492 903 τὸ
516 841 605 921 apud
626 837 808 907 Homerum
822 840 917 907 Iliad.
940 840 986 906 H.
1002 862 1034 905 r.
1054 838 1129 905 239.
1152 832 1235 904 item
1250 840 1285 903 in
1299 848 1341 924 τῷ
1354 840 1449 923 opud

312 925 462 988 eumdem
477 924 601 1007 'Odyss
622 924 661 991 T.
677 949 708 991 v.
721 928 795 1005 ⁴134.
819 948 822 953 ·
840 930 939 993 Plene
955 928 1000 991 ἐπὶ
1016 932 1108 1013 τούτῳ
1122 928 1213 1011 αἰτίῳ.
1257 924 1295 990 In
1312 925 1351 995 διὸ
1366 946 1449 991 eon-

295 1013 416 1073 *tracte
428 1031 487 1093 pro
501 1010 536 1072 δι’
551 1010 673 1076 ὃΒοιη.
690 1012 853 1078 x.22.1n
870 1018 938 1099 ὑπὲρ
950 1016 1027 1086 ὅτου,
1050 1010 1202 1096 rujusrer'
1212 1032 1336 1086 course,
1352 1014 1450 1095 apud

309 1090 530 1161 Themistium
555 1095 649 1162 Orat.
667 1101 762 1163 xviii.
785 1121 819 1184 p.
834 1098 909 1163 222.
928 1099 970 1163 Β.Ι
990 1118 1050 1183 pro
1064 1118 1131 1181 quo
1145 1099 1231 1161 idem
1246 1099 1329 1162 dicit
1344 1096 1447 1163 Orat.

57 1281 58 1298 ἵ
192 1222 195 1225 -
309 1183 380 1245 xxi.
391 1198 424 1266 p.
438 1182 514 1248 245.
530 1181 569 1246 C.
585 1186 651 1247 ὄνου
665 1186 752 1248 ἕνεκα.
797 1185 921 1250 Eadem
942 1184 1077 1269 Ellipsis
1101 1185 1189 1267 apud
1203 1182 1340 1248 Latinos
1359 1206 1448 1269 quo-

309 1268 379 1347 qne'
402 1270 558 1335 obtinuIt.
602 1268 718 1335 Cicero
745 1273 786 1335 de
813 1269 921 1336 Finib.
948 1274 1006 1336 lib.
1039 1274 1060 1335 i.
1090 1290 1162 1353 esp.
1197 1270 1246 1335 10.
1272 1269 1362 1343 Quid
1384 1280 1447 1347 ert,

310 1352 461 1433 (eaussae)
475 1376 532 1420 eur
545 1376 654 1421 vereor
667 1363 731 1421 ete.
777 1356 878 1427 Plene
902 1360 1078 1423 Terentius
1094 1355 1197 1419 Andr.
1222 1356 1271 1419 iii.
1287 1378 1331 1421 se.
1350 1358 1383 1421 3.
1401 1354 1446 1421 r.
1501 1436 1502 1443 ἵ

309 1438 363 1502 21.
389 1438 609 1512 Quidcousrae
629 1451 686 1517 est,
710 1442 791 1529 quin
813 1450 878 1508 eto.
922 1444 994 1509 Nee
1019 1444 1129 1506 minus
1152 1444 1186 1506 in
1208 1445 1351 1525 eleganti
1374 1445 1449 1507 for-

308 1527 413 1601 mula,
429 1531 543 1613 τίγάμ
567 1528 698 1594 Graecos
712 1528 835 1594 imitati
850 1532 987 1594 fuerunt
1001 1524 1154 1593 Romani.
1200 1526 1255 1593 Sic
1277 1526 1446 1593 Horatius

308 1608 378 1676 Sat.
402 1614 461 1677 lib.
485 1618 508 1677 i.
530 1621 594 1679 sat.
618 1618 640 1677 i.
662 1615 694 1679 7.
720 1613 811 1687 Quid
832 1617 944 1681 enim?
967 1612 1177 1681 comuniter.
1201 1612 1357 1679 Phaedrus
1381 1618 1445 1680 lib.

307 1698 359 1761 iii.
382 1700 454 1763 viii.
470 1700 503 1763 8.
543 1700 727 1788 Accipient,
756 1701 837 1788 quid
863 1701 974 1767 enim?
997 1709 1111 1766 cuneta
1136 1700 1174 1765 io
1202 1700 1443 1765 conlunrels'om.

294 1778 377 1870 ‘Ubi
402 1787 537 1865 quidem
559 1789 811 1863 observandum,
833 1810 892 1873 pro
917 1795 1089 1854 contextus
1115 1790 1255 1860 ratione,
1285 1808 1379 1870 aeque
1402 1808 1445 1852 ac

307 1870 393 1951 apud
409 1869 552 1946 Graeeos,
576 1877 672 1939 modo
688 1875 832 1951 τὸαῖτιον,
847 1894 971 1949 causeo,
998 1876 1095 1939 modo
1116 1872 1203 1948 ἄλλο,
1229 1871 1334 1951 aliud,
1352 1894 1444 1939 eom·
1501 1934 1502 1945 ,

306 1956 401 2020 mode
415 1959 597 2023 subaudiri.
621 1961 783 2025 Sceuae.
1103 1962 1106 1969 '

615 2040 1131 2149 *nrnmosssnrnnnun

348 2164 388 2234 In
403 2168 485 2239 zur.
497 2169 618 2237 Joann.
635 2172 706 2236 viii.
728 2173 775 2237 12.
800 2173 1000 2237 Sononrro.

657 2283 678 2324 ¹*
699 2281 910 2356 ΑΚΟΙΤΙΣ,
937 2280 1071 2346 UXOR.

347 2378 386 2443 In
408 2377 546 2443 Hesiodi
570 2378 661 2454 Θεαγ.
686 2401 716 2443 v.
742 2378 817 2443 610.
837 2379 866 2442 ὃς
882 2379 911 2442 δέ
934 2404 963 2441 κε
987 2384 1085 2463 τέτμῃ
1106 2385 1274 2465 ἀταρτηροῖο
1289 2380 1440 2458 γενέθλης.

303 2462 425 2531 Verte:
449 2463 518 2538 Qut·
532 2485 605 2529 aero
626 2464 761 2552 adeptus
783 2463 885 2543 fuerit
905 2484 1043 2529 uxorem
1068 2462 1211 2559 optentis
1237 2465 1439 2535 nativitatis.

303 2549 413 2617 Antea
425 2574 457 2623 v,
475 2551 549 2618 608.
562 2552 658 2618 urinis
667 2554 750 2634 ’ἔσχεν
765 2539 879 2616 ineerta.
924 2550 963 2615 F.
979 2550 1037 2616 S'r.

334 2722 338 2726 .
608 2665 629 2706 *
649 2660 861 2735 ΑΚΟΎΩΝ,
875 2660 1089 2727 AUDIENS.
1501 2731 1502 2742 χ

345 2763 524 2847 Sophocles
539 2761 595 2844 Aj.
611 2784 643 2826 v.
659 2760 735 2825 790.
747 2761 779 2828 ἣν
795 2759 931 2845 (πρᾶξιν)
952 2760 1061 2836 ἧλγησ’
1083 2764 1151 2835 ἐγώ.
1196 2760 1381 2828 anekius
1393 2767 1439 2828 ad

303 2850 370 2914 h.l.
393 2859 552 2932 “nempe
573 2852 688 2911 ἀκούων.
731 2845 838 2912 Sicin
854 2844 993 2912 Philoct.
1021 2847 1113 2910 1314.
1159 2847 1438 2936 inbuanere'pariv

302 2936 369 3010 ἐμὸν
390 2938 561 3011 renovaturi
583 2962 625 3007 σε,
648 2933 941 3016 supplendumest
966 2935 1106 2996 &odolfi
1151 2931 1200 2999 Ut
1224 2937 1331 2999 fatear
1345 2939 1438 3018 quod

302 3024 423 3094 sentio,
434 3023 644 3084 vehementer
665 3020 818 3102 displicet
844 3021 911 3087 haar
936 3021 1034 3093 ratio,
1064 3022 1228 3102 planeque
1250 3025 1333 3086 nibil
1358 3023 1436 3086 sub·

301 3107 501 3170 erudiendum
527 3108 690 3169 arbitror:
720 3105 872 3186 idemque
901 3107 1093 3176 tenendum,
1115 3107 1220 3172 sicubi
1242 3107 1282 3170 ad
1308 3110 1438 3174 similia

301 3191 365 3254 lida
378 3191 547 3255 subaudiri
561 3195 687 3254 volunt.
701 3196 800 3267 ἀλγεῖν
821 3213 896 3257 oum
917 3195 1103 3256 amusativo
1129 3195 1254 3274 passim
1276 3197 1434 3259 occurrit.

300 3275 467 3340 Diodorus
490 3275 592 3340 Sicul.
610 3280 676 3339 xiv.
692 3297 720 3339 c.
738 3277 809 3342 112.
833 3285 915 3341 extr.
940 3279 1262 3352 rodsbibnrioarrarrsis
1278 3285 1437 3364 συμφοράν.

301 3361 406 3446 [ibid.
421 3381 497 3425 mox
511 3364 576 3443 leg.
594 3360 817 3446 bpnvrleavvoes]
841 3364 894 3427 Sic
909 3371 943 3427 et
965 3361 1090 3431 limbos.
1136 3361 1212 3426 Vid.
1230 3362 1432 3448 Wesseling.

300 3449 342 3511 ad
357 3447 514 3513 Herodot.
534 3467 568 3530 p.
586 3447 661 3511 212.
677 3446 731 3511 36.
775 3447 813 3511 ln
828 3447 977 3533 Euripid.
993 3451 1114 3530 fragm.
1135 3448 1269 3514 Danais
1285 3452 1330 3532 ly.
1353 3455 1434 3516 scri-

299 3535 442 3599 bendum
456 3537 605 3617 suspioor
620 3554 628 3596 :

420 3620 534 3685 Ὅστις
549 3620 650 3695 δόμους
655 3621 708 3692 μὲν
721 3621 818 3704 ἥδεται
833 3624 1056 3704 ωληρουμένους.

297 3708 370 3771 coll.
382 3707 503 3771 Stobaei
518 3705 673 3787 Florileg.
689 3707 784 3770 Grot.
802 3728 835 3791 p.
854 3705 907 3770 91.
922 3706 998 3770 525.
1021 3705 1230 3788 Quemquam
1246 3727 1311 3770 non
1331 3727 1432 3790 nego,

298 3794 484 3875 hujusmodi
514 3795 691 3875 partieipia
712 3796 893 3878 saepissime
922 3795 1011 3857 addi.
1056 3791 1133 3856 Vid.
1160 3791 1357 3858 Valckenar.
1386 3798 1435 3860 ad

297 3877 456 3947 Herodot.
474 3881 496 3942 l.
510 3902 538 3945 c·
555 3879 708 3944 Sonans.

615 3995 633 4030 ·
657 3978 874 4063 Anninus,
890 3969 1131 4054 secusne?

336 4086 435 4170 Apud
449 4088 627 4172 ·Arist0ph.
650 4088 794 4153 Acheru.
820 4109 850 4150 v.
875 4087 950 4152 871.
974 4086 1431 4172 rsrpanrspvinlies,'sirbaudi

268 4188 271 4194 ·
294 4174 415 4258 ἀκρίδες,
430 4174 584 4239 dicuntur
598 4177 743 4246 locustae‚
759 4175 840 4260 nagal
862 4174 895 4235 τὸ
917 4173 942 4234 δ’
955 4177 1030 4255 ’ἔχειν
1052 4173 1173 4258 erepat„
1188 4171 1276 4259 quod
1291 4183 1432 4260 quotuor

293 4259 358 4323 olis
383 4258 544 4326 instructae
563 4269 648 4323 sunt.
704 4257 826 4323 Lmen.
872 4255 989 4323 ionum
1012 4262 1182 4342 propriam
1204 4263 1289 4324 bano
1314 4279 1431 4325 vocem

293 4345 374 4410 dicit
389 4345 570 4430 Gregorius
583 4366 617 4429 p.
630 4345 705 4410 257.
723 4347 780 4408 ubi
795 4347 861 4408 uid.
878 4342 974 4408 Koen.
1020 4347 1166 4410 Sonans.

334 4433 355 4472 *
376 4430 415 4496 ln
443 4435 597 4507 mnemia
615 4433 702 4515 opud
728 4429 940 4496 Theocritum
962 4429 1011 4495 ld.
1038 4451 1071 4493 x.
1097 4453 1128 4495 v.
1157 4429 1207 4495 18.
1235 4429 1382 4515 spoliem
1409 4434 1431 4493 ἅ
1501 4435 1502 4480 ἶ

289 4522 454 4665 §examin
483 4521 542 4586 ubi
557 4518 617 4583 Gr.
646 4519 830 4584 scholion
860 4517 890 4582 δὲ
917 4517 996 4604 ringis
1018 4519 1043 4580 ἐν
1071 4525 1110 4604 τῇ
1137 4517 1262 4601 καλάμῃ
1285 4520 1428 4592 γινομένη.

315 4623 450 4672 cansa.
787 4623 789 4630 ·
1373 4617 1379 4628 ·
