3117 5175
456 933 640 1046 PRAE
656 938 921 1049 FATIO

238 1158 546 1273 concesium
571 1170 790 1249 smrmci
817 1145 1118 1250 sensurum.

498 1506 877 1526 *n—-n

125 1731 220 1866 ΒΗ]
243 1767 281 1831 in
303 1769 454 1835 tabernis
470 1770 615 1836 librariis
639 1772 827 1838 desiderata
847 1779 942 1839 erant
965 1772 1170 1857 exemplaris
1186 1755 1259 1849 Boss,

122 1869 206 1914 aram
227 1852 268 1917 de
286 1852 470 1940 Ellipsibus
492 1856 614 1923 Graecae
627 1856 765 1941 Linguae
788 1860 890 1924 libelli
914 1878 937 1929 s
962 1858 1103 1931 Nicolao
1116 1858 1250 1935 Schue-

122 1936 221 2013 belio,
241 1942 309 2005 riro
321 1943 559 2017 eruditissimo,
581 1951 660 2009 aute
675 1945 734 2009 hos
744 1946 1121 2027 quadragintaquatuor
1146 1964 1251 2011 annos

123 2020 346 2110 Norimbergm
358 2030 475 2095 editi⁸.
520 2027 629 2102 Quam
638 2030 832 2109 editionem,
855 2033 979 2112 insigni
995 2032 1165 2097 hominum
1179 2031 1253 2095 dcc·

122 2116 222 2175 wmm
247 2115 369 2199 plausu
404 2116 529 2197 ubique
560 2124 745 2201 exceptam,
780 2136 856 2193 cum
883 2115 1061 2191 Prmleotus
1090 2114 1254 2184 Librarim

120 2193 413 2275 Weidmannianae,
435 2208 583 2265 cessante
607 2223 667 2285 per
688 2203 821 2285 longum
836 2222 995 2269 annorum
1009 2203 1126 2267 seriem
1145 2214 1254 2285 spem·

118 2302 177 2365 qne
189 2288 417 2353 studiosorum
431 2289 536 2370 plene·
543 2288 726 2355 frustrante
747 2287 1016 2373 Norimbergensi
1041 2290 1186 2367 librario,
1202 2310 1254 2353 sne

117 2369 237 2438 domn
251 2374 366 2437 studia
378 2375 578 2457 philologica
594 2375 656 2437 lico
680 2376 900 2442 instrumento
918 2380 1080 2459 carerent,
1101 2377 1189 2457 typis
1204 2396 1253 2441 rc-

116 2466 222 2540 perere
233 2461 490 2525 constituisset:
514 2479 536 2523 a
549 2480 605 2525 me
615 2462 727 2543 petiit,
738 2468 779 2525 ut
791 2480 858 2531 non
873 2462 971 2525 modo
987 2480 1079 2525 norae
1097 2462 1252 2527 editionis

116 2563 235 2624 orrum,
255 2565 327 2627 qua
350 2546 540 2632 typothetae
562 2554 741 2630 spectaret,
762 2548 977 2632 susciperem,
999 2548 1058 2614 sed
1088 2549 1190 2612 etium
1221 2550 1251 2617 si

117 2633 190 2713 quid
202 2633 373 2710 haberem,
393 2627 486 2716 quod
504 2635 653 2718 priorum
674 2634 960 2708 observationibus
979 2635 1145 2706 editorum
1159 2653 1252 2701 accc·
1291 2709 1293 2716 ¹

118 2715 301 2804 derepoese
315 2719 494 2794 videretur,
515 2739 593 2786 cum
614 2721 683 2784 illis
706 2721 918 2802 conjunctum
932 2722 1057 2804 publici
1081 2721 1168 2802 juris
1203 2721 1253 2786 fn·
1380 2759 1382 2768 ,

118 2823 229 2870 wem.
276 2803 381 2871 Haud
394 2812 529 2887 gravate
544 2805 689 2870 honestis
702 2807 765 2870 viri
779 2809 897 2889 optimi
911 2827 951 2872 ac
972 2806 1013 2870 de
1032 2806 1139 2872 literis
1154 2808 1252 2871 bonis

118 2893 272 2970 medere
284 2891 442 2956 merentis
456 2892 607 2975 precibus
622 2893 736 2956 annui.
779 2889 858 2956 Jam
883 2912 959 2958 cum
982 2893 1067 2956 liber
1090 2893 1254 2966 mensib,

120 2982 152 3040 u
162 2979 198 3042 iu
209 2979 321 3044 lucem
333 2975 484 3060 prodest,
527 2979 584 3042 uid
599 2979 682 3041 mihi
697 2977 760 3042 boc
772 2979 917 3062 inopere
931 2977 1139 3064 propositum
1153 2978 1255 3045 fuerit

122 3063 258 3146 quidque
274 3061 449 3138 effecerim,
471 3065 482 3126 i
530 3063 684 3128 icandum
699 3071 763 3128 est.
841 3094 843 3104 ν

142 3148 366 3233 -dcprimum
387 3149 521 3232 quidem
546 3170 588 3214 ex
611 3169 648 3214 re
671 3149 797 3215 librarii
821 3151 929 3214 uisum
954 3156 1007 3215 est
1032 3149 1157 3224 omnia,
1180 3165 1254 3232 qum

118 3231 311 3300 Scbwebelii
328 3235 431 3299 editio
453 3239 593 3310 teneret,
616 3235 746 3316 integra
764 3235 960 3318 illibataque
974 3235 1116 3316 reddero.
1162 3233 1273 3309 Ntm.

118 3320 175 3382 etsi
199 3322 344 3405 propius
372 3341 445 3386 eam
466 3321 656 3406 inspicienti
686 3339 752 3386 non
781 3341 888 3406 pauca
916 3323 1139 3400 occurrebant,
1176 3341 1251 3406 quse

118 3405 193 3471 milri
208 3407 349 3490 quidem
362 3427 480 3491 purum
495 3408 728 3494 probarentur,
751 3409 905 3473 nonnulla
925 3408 1039 3482 etiam,
1056 3428 1144 3490 quae,
1164 3410 1191 3472 si
1208 3409 1252 3474 ed

117 3510 282 3558 mimres
295 3493 473 3558 arbitrium
495 3493 658 3567 rediisset,
681 3494 769 3558 haud
785 3499 976 3560 cunctanter
986 3495 1153 3559 deleturus
1168 3495 1252 3558 luis·

118 3595 200 3643 nm:
221 3585 274 3644 tot
289 3587 403 3643 tumen
418 3580 560 3643 calculos
574 3581 667 3643 labor
680 3580 743 3643 viri
763 3580 944 3644 doctissimi
966 3581 1103 3653 tulerat,
1125 3580 1252 3661 tulique

117 3667 276 3739 convicio,
298 3664 336 3729 id
348 3665 438 3746 quod
460 3667 561 3731 certis
586 3666 667 3728 mihi
694 3665 826 3730 indiciis
840 3666 1003 3739 constitit,
1026 3685 1048 3729 u
1061 3665 1180 3739 Sosiis,
1203 3668 1253 3730 in·

116 3751 229 3830 primis
244 3756 341 3815 exus
356 3751 584 3825 Germaniam,
607 3753 734 3833 integer
748 3770 854 3832 neque
876 3752 945 3814 ulla
969 3751 1023 3814 s'ui
1038 3759 1133 3834 parte
1146 3751 1252 3816 defec-

117 3839 169 3900 tus
180 3838 393 3921 poscebatur,
414 3844 453 3902 ut
467 3837 495 3901 si
510 3837 603 3919 quid,
626 3857 735 3902 meum
750 3844 882 3902 secutus
900 3856 1043 3908 sensum,
1059 3857 1252 3914 resecarem,

116 3923 294 3988 mcum
332 3925 415 3987 milri
444 3931 545 3998 esset,
580 3943 622 3988 ne
649 3923 832 3988 rationibus
856 3923 1050 3987 redemtoris
1077 3924 1252 3988 officerem.

117 4002 230 4090 ltaque
244 4010 311 4074 hoc
323 4029 427 4072 unum
441 4011 523 4074 milri
549 4012 646 4074 licere
669 4009 798 4094 putaui,
822 4011 859 4072 ut
880 4007 1073 4072 Schwebelii
1099 4010 1255 4074 observa-

118 4095 222 4162 fiooes
235 4096 332 4160 vitiis
343 4097 554 4180 typotheticis
578 4097 663 4160 haud
688 4115 763 4160 raro
789 4095 931 4160 ioedatns
947 4095 998 4160 his
1013 4095 1163 4161 sordibus
1177 4095 1252 4160 dili·

146 4287 160 4314 ⁸
172 4278 376 4330 habenisue
393 4277 483 4344 Lingu.
494 4281 574 4329 Graec.
587 4279 613 4328 in
632 4279 750 4328 Academ.
767 4279 886 4343 ansqu
903 4281 1011 4329 Proiess.
1029 4279 1141 4343 Ellipses
1157 4279 1252 4330 crece

119 4341 210 4394 niveae
219 4344 339 4402 vocibus,
354 4359 413 4408 quie
424 4344 450 4394 in
460 4359 574 4393 sermone
583 4345 673 4394 Grmcu
684 4359 728 4406 per
742 4343 844 4407 ellipsin
855 4344 1053 4407 supprimuntur.
1086 4343 1151 4392 Cum
1162 4345 1252 4392 docto-

119 4410 301 4466 sumturum,
316 4408 413 4460 chrm.
424 4405 606 4474 Soboettgenii,
622 4409 666 4457 Jo.
677 4408 725 4457 Ge.
736 4407 805 4457 Sem.
824 4408 981 4468 Bemboldii,
997 4409 1040 4458 Jo.
1057 4408 1125 4458 Frid.
1137 4407 1253 4458 leisneri

118 4473 346 4534 charmiourlrur,
355 4473 484 4538 quibuset
493 4473 650 4539 mredjecit
657 4471 695 4521 bl.
702 4471 827 4522 Nicolaur
838 4471 1009 4524 Schwebelinr
1019 4475 1048 4522 P.
1060 4474 1091 4522 P.
1101 4482 1127 4521 el
1137 4473 1208 4523 G.N.
1218 4473 1250 4520 li.

116 4535 278 4598 hunum,
295 4537 442 4589 menie
451 4538 595 4603 Imperiulis
607 4538 774 4588 Roboretum
792 4545 817 4586 el
829 4537 978 4588 Electomlis
987 4537 1115 4588 &surices
1127 4537 1253 4588 Scienrla-

116 4615 170 4652 ιι
178 4603 315 4722 Collega.8
325 4603 512 4670 Norimbergoe,
521 4603 589 4670 typis
602 4611 629 4655 el
646 4611 741 4668 sumpt.
751 4601 872 4656 heredum
883 4602 973 4654 Adurni
985 4601 1089 4655 lomth.
1099 4601 1252 4656 reiecierl.

119 4677 280 4724 thecuiti.
314 4703 324 4723 r
