3117 5175
301 351 366 421 212
459 353 461 362 ⁴
563 360 812 425 armannoa
832 345 896 424 na'
909 358 1163 424 antoninus

303 529 483 598 -νεθιῶιννν
508 529 682 596 admoveas
704 529 899 597 Theocriteo
922 532 972 597 illl
1001 532 1093 603 διδῖιν,
1115 527 1438 612 apparebitnonte-

304 633 390 680 mere
402 636 456 680 me
470 619 714 702 pronuntiasse,
735 620 845 684 verius
858 619 938 684 illud
953 641 972 683 e
986 619 1086 682 διδόνιιι
1098 615 1311 691 demutatum,
1379 637 1438 682 am

302 700 433 766 εδιδὸειν
463 723 523 787 per
547 707 801 770 contractionem
817 705 890 789 (pro
904 705 1007 789 διδοῦν)
1029 704 1156 767 lactum
1178 702 1294 766 rideri.

301 805 414 852 rorum
430 794 540 853 a'utem
565 792 600 854 in
615 817 649 866 μι
672 791 848 856 verborum
861 792 986 856 formas
1008 789 1132 854 similes
1154 807 1209 852 me
1224 789 1361 852 nonan
1379 791 1437 856 in·

301 875 432 939 venisse
456 895 523 940 non
544 877 655 954 miror,
674 898 751 942 cum
778 897 914 942 numero
938 897 1045 962 pauca
1070 875 1225 960 sintipsa
1240 874 1433 956 harem,

302 979 378 1041 quae
403 963 535 1048 quidem
557 963 592 1027 in
618 967 727 1046 aliquo
753 965 821 1028 sint
842 984 914 1029 usu.
959 962 1066 1029 Simul
1095 963 1181 1026 hanc
1201 962 1305 1024 velim
1329 964 1431 1028 mlo·

303 1048 394 1128 giam
416 1047 579 1123 observes,
601 1068 668 1130 qua
689 1051 804 1116 formae
830 1052 1036 1125 illaeomnes,
1062 1067 1144 1136 quas
1168 1048 1341 1133 hncsrsque
1366 1067 1433 1132 pn·

305 1134 382 1208 tuli,
404 1142 443 1199 ut
468 1137 631 1218 genuine,
656 1138 793 1201 mirifice
821 1138 1065 1203 confirmantur.
1108 1131 1269 1200 Formam
1294 1136 1386 1198 enim
1400 1163 1438 1198 νι

306 1219 417 1285 brevis
432 1241 561 1306 semper
574 1225 700 1289 vocalis
711 1224 867 1308 praeeedit
888 1222 966 1306 (nisi
984 1225 1059 1307 ipsa
1072 1219 1236 1305 telnporia
1248 1222 1359 1284 forma
1371 1222 1441 1286 lon·

237 1278 384 1386 246gam
397 1307 461 1371 sibi
475 1310 663 1375 vindicante
677 1317 715 1375 ut
730 1312 766 1375 in
780 1309 920 1392 ἐτύφδιν,
933 1337 1019 1385 nau,
1040 1335 1106 1382 νινε,
1126 1306 1306 1388 τνφθῆνιιδς
1327 1307 1443 1371 form

305 1394 439 1459 brevior
461 1395 592 1482 (praeter
615 1397 707 1462 illam
735 1399 770 1460 in
795 1423 861 1474 μεν,
881 1405 916 1461 ct
930 1397 1130 1482 peculiarem
1151 1395 1249 1458 illum
1259 1394 1441 1459 &rismum

305 1485 414 1544 τύπτει
427 1503 488 1567 pro
503 1487 633 1572 τύπτειν)
659 1503 787 1567 semper
802 1485 851 1548 ita
865 1484 1070 1567 producitur,
1091 1488 1130 1546 ut
1147 1499 1192 1544 ex
1205 1507 1219 1543 ε
1234 1481 1294 1544 tat
1307 1506 1331 1541 ει
1340 1482 1392 1544 rel
1401 1508 1439 1556 n,

304 1585 345 1630 ex
366 1592 382 1629 o
402 1586 480 1634 vero
508 1596 540 1631 εν.
584 1569 641 1633 Sia
667 1574 786 1634 ωελὲνσν
816 1569 987 1634 dicebatur
1016 1579 1050 1634 et
1070 1573 1183 1640 πέλειν.
1221 1564 1389 1632 “brutus
1408 1575 1443 1632 st

305 1651 458 1730 τεθνάνιιν,
480 1655 579 1719 διδόναι
593 1662 627 1721 et
642 1655 720 1720 διδῶν
735 1655 839 1742 (quod
850 1663 961 1720 tamen
975 1676 1018 1720 ex
1032 1656 1093 1720 hac
1113 1655 1190 1737 ipsa
1201 1661 1392 1718 ceterorum
1410 1659 1447 1718 et

210 1769 238 1796 ἰ
279 1740 395 1804 'illius
409 1739 561 1814 μεδδσδνν
576 1744 731 1825 analogia
749 1743 966 1827 *scribendum
989 1762 1060 1806 esse
1083 1740 1234 1825 auspicor
1255 1738 1366 1824 διδυν.)
1404 1737 1449 1804 1³2

304 1827 384 1891 inde
412 1829 566 1915 estquod
593 1829 681 1915 apud
709 1828 850 1895 Psellum
875 1829 1007 1894 nonnisi
1033 1829 1144 1892 forma
1172 1827 1392 1891 circumflexa
1410 1833 1449 1888 εῖν

305 1915 486 1997 ampliatur
512 1917 548 1980 in
572 1923 661 1988 εῖνιιις
701 1935 777 1982 nam
800 1918 885 1981 sieut
899 1936 961 2000 pro
980 1919 1079 1980 σίλειν
1092 1921 1144 1978 est
1166 1917 1291 1976 σελένιιι
1317 1914 1370 1978 ita
1389 1933 1449 1998 pro

306 1997 425 2076 μαθεῖν,
440 2000 558 2077 putten
569 2010 620 2067 est
633 1999 784 2078 μαθεέναι,
795 1999 950 2077 writer:
973 2021 1046 2088 quae
1056 2001 1174 2065 eadem
1181 2001 1274 2064 ratio
1282 2004 1341 2064 est
1350 2001 1448 2065 afim
1531 2066 1533 2087 ἶ

307 2089 532 2174 antiquissimi
550 2090 640 2154 illius
653 2093 776 2176 φορῆναι.

303 2201 306 2205 ·
349 2173 446 2245 Quod
471 2182 582 2240 autern
606 2178 694 2259 apud
719 2175 917 2241 Athenaeum
940 2175 1039 2239 modo
1061 2174 1208 2239 vidimus
1239 2173 1445 2254 versumqt-

306 2256 383 2320 laba
398 2285 440 2321 ναι
458 2261 550 2338 justo
573 2263 767 2342 longiorem,
792 2264 866 2326 e‘us
879 2261 929 2326 rei
944 2262 1151 2326 simillimum
1165 2261 1365 2342 exemplum
1376 2277 1443 2342 po-
1533 2314 1535 2317 .

302 2342 423 2406 stetin
439 2344 631 2408 hexametro
645 2349 788 2430 quodam
836 2346 1023 2421 armenidc's,
1043 2368 1140 2430 quem
1155 2345 1358 2429 Simplicius
1378 2345 1445 2426 (ra

311 2425 475 2493 l7.a.31.
497 2428 661 2514 a.34.b.)
681 2433 940 2514 teriiaposuit:
977 2432 1019 2498 Ti
1045 2429 1444 2515 δ’ἔνμννκαὶχσέοσῖγπε
1534 2498 1535 2503 ,

304 2513 446 2601 Ὕστερον
473 2514 494 2583 ἢ
516 2513 642 2600 πρόσθεν
668 2524 719 2580 τοῦ
742 2517 862 2591 μσνδενὸς
889 2517 1045 2603 ἀρξάμενον
1067 2527 1172 2603 piram
1195 2529 1223 2558 “
1243 2516 1441 2593 Quamuis!
1535 2554 1537 2563 =

310 2608 335 2639 “
360 2602 539 2666 necessitas
555 2602 634 2667 illud
648 2601 697 2685 (rb
714 2601 753 2683 δν,
774 2602 864 2689 quod
877 2623 919 2667 ex
934 2607 1042 2669 nihilo
1063 2624 1213 2691 unquam
1229 2606 1374 2669 sattim
1384 2622 1438 2665 nc·

311 2696 335 2727 “
359 2688 432 2773 gat)
446 2688 604 2767 coegerit,
619 2693 715 2753 antea
730 2688 800 2752 sive
813 2695 930 2773 postea
953 2712 996 2757 ex
1017 2692 1123 2756 nihilo
1143 2688 1438 2775 primumnsscit‘

312 2772 413 2837 Hunc
428 2793 568 2853 versum,
593 2795 689 2861 quem
714 2781 905 2840 constanter
930 2777 979 2843 ita
991 2778 1104 2843 laudat
1118 2775 1330 2862 Simplicius,
1345 2774 1438 2838 atde

311 2860 424 2924 altiori
441 2862 574 2924 vulnere
603 2880 668 2925 non
684 2862 728 2927 sit
741 2862 967 2943 cogitandum,
989 2882 1122 2949 quoquo
1137 2868 1262 2941 vertas,
1284 2879 1440 2941 numnam

306 2947 364 3011 -ita
396 2947 629 3026 emendaveris,
661 2952 699 3011 ut
718 2954 867 3031 receptas
891 2950 1014 3031 linguae
1042 2951 1319 3015 formasserves
1363 2945 1444 3011 Nan

244 3032 1351 3206 mittitlatitanti?,imitt‘tttsstt‘
1369 3053 1448 3197 tt

314 3208 402 3287 enim
417 3224 563 3291 unquam
577 3208 618 3270 de
640 3208 872 3273 terminatione
885 3234 928 3272 ναι
941 3209 1024 3273 elisa
1037 3208 1190 3273 audiritt
1212 3214 1247 3273 et
1258 3211 1292 3272 si
1306 3206 1447 3271 maxime

302 3292 374 3355 hoc
396 3294 467 3355 fieri
494 3300 615 3375 posset,
653 3296 728 3376 quis
760 3294 797 3357 in
827 3294 892 3359 fine
912 3297 1084 3360 sententiae
1105 3293 1189 3359 illud
1211 3296 1344 3359 ferreti
1389 3291 1448 3357 Ea·

303 3378 388 3442 -dem
413 3385 524 3442 tamen
538 3378 763 3462 diphthongus
792 3380 875 3445 nihil
898 3381 1039 3465 impedit
1052 3402 1120 3466 quo
1144 3382 1256 3445 minua
1269 3382 1310 3444 in
1336 3380 1451 3465 aliqua

311 3463 454 3531 dialecto
474 3465 572 3548 plane
594 3467 693 3548 ainci
716 3469 875 3549 potuerit,
908 3474 947 3532 ut
979 3469 1016 3531 in
1047 3488 1150 3553 supra
1181 3468 1369 3552 propositis
1397 3486 1450 3530 cx·

212 3586 215 3600 =
313 3553 433 3636 amplis
446 3550 659 3617 ostendimus.
705 3554 817 3630 Quare
832 3554 969 3617 eandem
982 3555 1193 3628 medicinam,
1215 3574 1317 3639 quam
1338 3554 1450 3617 verni

303 3635 447 3703 Alcaico
460 3638 495 3701 in
510 3638 568 3701 illo
582 3636 762 3711 μεθυσθῆναι
787 3658 828 3705 ex
851 3643 979 3725 optimo
1002 3642 1115 3706 codice
1138 3642 1278 3705 allatam
1290 3638 1451 3711 sidium,

181 3750 185 3759 ·
313 3723 390 3789 huic
403 3724 505 3789 etism
520 3724 710 3790 hexametro
725 3724 883 3791 adhibere
898 3747 963 3792 non
978 3727 1181 3801 dubitamus,
1202 3734 1256 3809 φῡν
1280 3744 1415 3811 qnoque
1427 3745 1452 3787 a

302 3812 428 3891 graecis
456 3810 647 3875 hominibus
673 3831 735 3897 pro
765 3820 848 3895 φῦναι
876 3814 999 3878 dictum
1027 3819 1224 3880 statuentes.
1279 3810 1377 3885 Quod
1406 3828 1452 3875 ne

313 3898 388 3981 quis
409 3916 431 3959 a
453 3893 646 3961 Parmenide
678 3902 815 3985 ejusque
836 3896 981 3966 lonismo
1002 3901 1145 3965 alienum
1173 3898 1312 3981 judicet,
1329 3896 1455 3961 obser·

305 3984 455 4047 ,vandum
482 3988 545 4056 cst,
568 3989 639 4047 tum
666 3986 824 4050 dialectos
844 4006 1051 4073 naquaquam
1072 3993 1142 4051 tam
1162 3988 1263 4051 certis
1283 3983 1454 4049 limitibus

302 4069 425 4133 luisse·
439 4070 627 4143 adstrictas,
658 4080 697 4138 ut
731 4072 945 4157 quodcunque
976 4072 1104 4139 Dorum
1136 4092 1209 4136 esse
1228 4074 1456 4155 pronuntient

314 4154 532 4220 Grammatici
546 4153 681 4220 Ionibus
696 4164 852 4241 negatum
873 4160 1000 4233 luerit;
1022 4168 1095 4224 tum
1116 4160 1243 4223 nullum
1256 4159 1331 4223 iera
1345 4160 1456 4242 suip-

312 4246 418 4306 torem
445 4242 529 4306 adeo
553 4261 673 4326 purum
697 4263 843 4309 servasse
871 4264 1055 4311 sermonem
1082 4264 1189 4319 suum,
1210 4250 1251 4307 ut
1273 4264 1297 4307 a
1316 4246 1454 4326 vulgari

314 4330 488 4409 gentilium
516 4329 645 4415 loquela
676 4332 758 4396 nihil
785 4335 998 4398 contraxerit.
1057 4330 1172 4413 Neque
1201 4331 1455 4414 monosyllabis

314 4410 500 4479 Infinitisus
524 4416 689 4482 offendere
714 4418 833 4482 debet:
856 4438 933 4483 nam
957 4421 985 4485 si
1014 4436 1073 4503 per
1095 4419 1357 4483 contractionem
1380 4419 1453 4482 lieri

315 4504 496 4581 potuerunt
520 4499 574 4565 δεῖν
598 4509 633 4568 et
657 4507 721 4591 ζῇν,
743 4504 860 4587 quidni
928 4526 944 4569 r
969 4524 1136 4591 apocopen
1149 4508 1228 4588 ptr-t
1249 4501 1351 4576 Quod
1365 4504 1452 4569 ΒΜ

315 4586 438 4653 mirum
466 4588 496 4655 si
524 4608 600 4655 cum
625 4592 709 4676 ipsis
722 4588 874 4659 Parmeni
896 4594 952 4659 eis
966 4592 1169 4662 carminibus
1188 4592 1226 4659 in
1245 4590 1451 4658 oblivium
