3117 5175
381 381 1011 456 leormstllcourmrc'l'touuu.
1219 379 1281 448 125

145 548 220 610 dam
233 552 384 635 exempla
406 553 524 620 licebit
537 554 668 618 addere.
715 551 802 616 Plat.
817 554 853 617 iu
867 552 993 619 Therai.
1017 553 1082 616 vol.
1096 553 1134 617 ii.
1146 569 1182 635 p.
1203 553 1275 618 172.

143 639 243 707 'didm
256 636 309 708 μὲν
321 638 374 704 τὴν
388 640 499 720 ψυχὴν
513 640 612 720 prndio,
627 644 761 716 ἀγνοῆσαι
775 639 805 704 δὲ
819 643 937 704 {cierat
960 636 1046 722 quod
1053 636 1181 702 animm
1193 639 1278 704 nillil

142 717 235 792 sciat,
251 721 360 786 omnio
379 724 519 808 ignoret.
564 726 606 792 Et
621 729 657 792 in
673 725 813 790 Convir.
827 727 893 788 vol.
910 744 945 788 x.
967 744 1001 806 p.
1016 723 1086 788 184.
1109 728 1210 798 ὁμοίως
1223 728 1278 800 μὲν

145 801 270 880 ἀγαθὸν,
285 809 425 882 docimii
443 815 612 878 τούναντίον.
659 811 752 878 Adde
776 807 1017 892 Xenophontem
1044 806 1121 890 Oyri
1146 809 1235 876 Disc-
1253 814 1277 876 i.

143 887 177 964 4,
199 891 227 955 l.
243 899 319 957 ets.
330 895 387 960 vii.
403 895 436 970 2,
450 896 509 962 'l9.
535 896 623 964 Hist.
642 896 702 964 Gr.
726 897 770 962 vi.
800 896 834 970 5,
850 895 904 962 49.
920 895 977 960 rii.
991 895 1025 968 4,
1040 897 1095 960 36.
1119 893 1223 961 Mem.
1238 900 1273 962 ii.

142 975 175 1055 2,
188 975 221 1044 4.
243 977 369 1046 videt
384 981 534 1064 seq.TE.
551 984 587 1049 S.
602 983 635 1048 2.
763 1011 767 1022 ¹
1097 1028 1101 1033 .

571 1143 573 1146 -
678 1103 745 1170 ΤΕ.

188 1222 310 1292 Misere
332 1228 480 1293 habitam
498 1231 589 1294 ,hanc
613 1229 762 1294 voculam
789 1228 937 1292 homines
962 1227 1076 1294 Graece
1099 1229 1187 1302 docti
1211 1234 1279 1299 iere

144 1314 234 1376 omni
250 1314 319 1378 vitu
334 1317 499 1397 privatam
514 1317 696 1380 voluerunt.
740 1313 882 1380 Infinitis
907 1317 997 1379 euim
1010 1317 1092 1380 locis
1115 1317 1280 1385 linxerunt

143 1417 216 1461 esse
237 1419 526 1484 supervacaneam.
573 1401 754 1483 Gregorius
777 1403 887 1468 miuus
913 1403 1040 1484 inique,
1066 1403 1124 1482 qui
1148 1411 1279 1474 tantum

143 1484 180 1546 in
195 1481 299 1550 Jonas
316 1488 377 1550 hoc
391 1487 529 1552 confert.
573 1485 618 1551 Τὸ
637 1485 712 1562 ΔΕ,
736 1489 858 1568 inquii,
873 1488 1021 1570 πλεονάζει
1034 1493 1101 1573 παρ’
1117 1493 1278 1556 αὐτοῖςκαὶ

142 1574 292 1656 παρέλκει.
333 1571 500 1654 Ἡρόδοτος·
527 1583 548 1612 “
568 1576 661 1636 ἐπείτε
677 1575 802 1647 ἐγένοντο
817 1575 948 1646 τοῦτο,”
959 1573 1022 1638 ἀντὶ
1037 1583 1088 1638 τοῦ
1100 1576 1160 1638 ἐπεὶ
1175 1579 1278 1654 ἓγένον·

143 1679 190 1718 το.
233 1654 303 1721 lad.
320 1659 348 1742 ξ.
364 1658 417 1721 24.
445 1658 588 1723 Ko'e'nius
605 1662 650 1723 ibi
667 1660 763 1732 nibil,
776 1655 863 1723 unde
878 1660 1006 1742 aliquid
1021 1662 1180 1743 proficias.
1206 1662 1279 1730 Mo·
1405 1695 1409 1702 ¹

143 1750 202 1806 net
217 1749 360 1820 tantum,
377 1754 452 1826 post
466 1745 519 1809 οῖον
533 1747 568 1810 in
581 1745 667 1808 oiim
681 1753 852 1810 vacantem
869 1747 953 1810 hanc
964 1748 1114 1810 voculam
1125 1752 1279 1830 attigisse

144 1827 343 1896 Dorvillium
359 1831 401 1894 ad
417 1830 643 1906 Char-itonam,
665 1833 722 1914 qui
746 1835 779 1895 in
806 1833 882 1895 aliis
907 1834 939 1894 ci
965 1834 1158 1914 pleonasmo
1181 1838 1280 1902 nimis

145 1916 299 1981 rideatur
315 1919 494 1998 indulgere.
541 1915 620 2000 Haec
634 1919 734 1981 verba
758 1918 839 1997 quid
854 1917 917 1982 sibi
933 1920 1047 1995 velint,
1063 1938 1160 1984 nemo
1182 1922 1280 1992 facile

144 2011 349 2084 assequetur,
375 2005 439 2068 uisi
456 2005 603 2086 perlecta
627 2001 782 2068 Dorrillii
797 2004 1030 2086 disputatione.
1075 2002 1108 2069 Is
1122 2007 1164 2068 ad
1187 2011 1231 2071 iv.
1248 2009 1279 2072 7.

145 2086 317 2182 initlocia
328 2091 527 2172 quibusdam
541 2091 725 2154 difficilibus
740 2088 919 2174 propositis
933 2096 993 2154 aut
1006 2093 1141 2155 rescribi
1156 2095 1228 2156 vult
1245 2120 1279 2169 γε

144 2194 208 2256 pro
223 2199 269 2250 τε,
290 2183 347 2239 aut
362 2177 453 2241 aliud
466 2176 546 2256 quid
566 2178 706 2242 mutari:
731 2177 787 2239 ced
802 2176 837 2239 in
863 2177 972 2240 verbis
995 2173 1198 2252 charitonis,
1214 2181 1279 2246 iii·

144 2273 221 2323 λωοε
231 2263 270 2322 τοί
287 2289 318 2324 τε
334 2266 536 2345 πεπραγμένα,
552 2263 677 2326 medias
701 2263 833 2326 voculas
848 2263 1083 2344 interpretatur
1105 2262 1154 2325 arri
1168 2265 1221 2336 τοὶ,
1243 2272 1281 2330 ui

146 2349 188 2410 eoi
211 2372 288 2410 reor.
310 2350 356 2414 sit
378 2345 477 2411 eliam
490 2345 599 2434 focio.
643 2345 705 2410 Sed
730 2353 826 2410 tum:
851 2345 944 2408 “Sic
970 2349 1005 2409 in
1030 2347 1118 2410 οῖόντε
1143 2356 1176 2412 et
1201 2352 1279 2414 aliis

146 2439 170 2471 “
195 2434 358 2498 abundare
379 2434 544 2497 videtur.”
589 2431 653 2496 His
676 2433 826 2513 adjectis,
854 2433 984 2516 opinor,
1008 2435 1183 2512 siguificat,
1198 2439 1280 2502 etin

145 2517 232 2584 oiim
262 2519 315 2603 (de
339 2539 404 2601 quo
429 2525 505 2603 post
529 2517 561 2582 S.
584 2517 634 2603 4.)
658 2526 692 2582 et
723 2520 757 2582 in
782 2520 859 2584 aliis
884 2519 951 2581 vim
977 2519 1121 2599 aliquam
1154 2530 1195 2607 τῷ
1221 2519 1280 2584 ΤΕ

143 2607 268 2682 inesse,
284 2626 485 2689 quamquam
501 2606 629 2669 dicatur
644 2602 825 2670 abundare.
869 2602 934 2667 Sed
956 2603 1084 2668 Ko‘enio
1106 2608 1215 2686 placet
1229 2628 1280 2669 so·

141 2712 208 2755 nus
223 2713 355 2777 prorsus
370 2693 500 2756 inanis:
522 2698 556 2755 et
568 2692 731 2777 significat
747 2690 834 2753 haud
855 2689 968 2762 dubie,
990 2688 1189 2757 Dorrillium
1202 2694 1279 2759 eim·

140 2779 279 2863 pliciter
293 2780 402 2844 dicere
415 2780 581 2851 debuisse,
596 2804 627 2839 τε
642 2778 741 2859 plane
754 2795 826 2838 esse
840 2777 993 2837 otiosum.

196 2866 221 2929 l.
245 2866 310 2930 Sed
326 2866 548 2949 preeuntibus
564 2866 650 2934 aliis,
677 2862 883 2941 maximeque
896 2859 1116 2943 Hoogeveeno
1139 2859 1286 2931 Zeuniuc

142 2952 191 3015 ad
206 2950 318 3033 Vigeri
333 2954 455 3016 librum
469 2952 508 3013 de
521 2948 617 3013 Idiot.
634 2949 693 3013 Gr.
720 2948 752 3010 d.
769 2948 923 3025 ostendit,
947 2973 977 3009 τε
998 2967 1161 3029 nusquam
1185 2952 1283 3033 plane
1346 2968 1349 2972 ’

143 3038 328 3116 abundare,
360 3058 430 3115 nec,
454 3036 543 3117 quod
567 3036 665 3117 vulgo
693 3036 868 3119 putabant,
895 3036 1022 3097 numeri
1044 3036 1155 3115 gratia
1177 3040 1282 3119 poni;

144 3124 275 3205 ubique
285 3130 395 3188 autem
412 3126 479 3187 vim
503 3121 676 3205 copulandi
700 3122 834 3191 habere,
857 3121 919 3184 etsi
943 3124 1105 3203 permulta
1119 3123 1187 3186 sint
1200 3124 1282 3200 loca,

144 3212 321 3290 inquibus
337 3212 369 3273 id
394 3210 510 3293 copula
526 3204 598 3271 Lat.
616 3215 648 3271 et
671 3206 762 3270 reddi
790 3212 941 3286 nequeat.
987 3202 1100 3287 Magis
1125 3210 1226 3273 etiam
1249 3213 1282 3277 id

141 3298 356 3361 confirmavit
370 3294 581 3359 Hermannus
595 3294 744 3377 pluribus
760 3294 841 3368 locis
862 3290 1085 3375 Tragicorum.
1129 3293 1185 3371 Sic
1207 3316 1286 3378 ergo

144 3385 225 3449 sine
248 3383 455 3447 dubitatione
482 3380 693 3445 statuendum
722 3386 782 3443 est.
834 3375 871 3440 Id
895 3380 966 3459 jam
988 3399 1088 3441 exeo
1114 3383 1287 3462 probabile

146 3472 204 3541 fit,
232 3469 320 3549 quod
346 3476 513 3550 tamquam
543 3466 698 3549 principii
727 3468 800 3530 loco
822 3482 945 3547 ponere
973 3464 1130 3529 debemus
1157 3494 1190 3530 τε
1219 3489 1286 3535 ecre

144 3554 293 3621 mommo
314 3564 495 3639 poetarum,
520 3549 568 3614 aei
592 3560 761 3624 ceterorum
779 3548 978 3637 scriptorum.
1019 3548 1097 3613 Jam
1120 3573 1194 3617 cum
1215 3560 1286 3621 tam

145 3643 326 3723 multiplex
339 3641 437 3723 hujus
449 3638 496 3703 καὶ
511 3639 555 3701 sit
572 3638 780 3719 significatio,
791 3657 896 3717 eaque
910 3638 998 3701 clara
1013 3643 1046 3699 et
1061 3640 1286 3714 ὁμολογουμένη,

144 3730 211 3792 ubi
237 3728 270 3793 id
295 3748 406 3791 rerum
428 3726 620 3809 simpliciter
645 3724 903 3808 copulandarum
928 3741 1028 3787 causa
1049 3743 1114 3788 non
1137 3729 1285 3809 positum

146 3806 217 3887 est,
233 3814 361 3887 raitem
378 3810 587 3895 quaerendum
603 3814 679 3885 erit,
695 3811 858 3892 quomodo
873 3812 979 3891 possit
999 3811 1168 3892 explicari.
1213 3812 1284 3877 Pri·

145 3921 209 3965 mo
223 3906 331 3964 autem
343 3903 431 3974 μάλα
453 3924 484 3961 τε
507 3898 607 3979 plane
622 3904 673 3961 est
689 3898 711 3960 i.
728 3916 759 3977 q.
776 3896 823 3957 καὶ
844 3897 941 3970 μάλα.
986 3892 1062 3958 Vid.
1091 3893 1173 3959 ΚΑΙ
1198 3896 1231 3959 S.
1248 3898 1282 3963 8.

144 3984 246 4053 Iliad.
272 3986 312 4049 Α.
336 3985 408 4049 218.
448 3980 511 4045 ‘¹05
534 4008 565 4045 κε
589 3978 664 4046 Sacis
685 3979 880 4058 ἐπιπείθηται,
903 3984 988 4054 μάλα
1009 3984 1035 4043 τ’
1061 3982 1158 4044 ἔκλυον
1181 3992 1281 4050 αὐτοῦ.

145 4072 329 4157 Perperam
357 4077 490 4136 vertunt
522 4070 690 4134 nonnulli:
734 4064 890 4153 Quisquis
918 4064 982 4131 diis
1011 4064 1284 4153 obtemperaverit,

145 4158 249 4230 illarii
275 4178 398 4246 quoque
422 4153 513 4221 oolde
537 4153 724 4221 reordinat.
768 4152 857 4218 Nam
872 4151 963 4217 ilium
981 4173 1104 4239 quoque
1126 4161 1175 4217 est
1200 4156 1222 4217 i.
1247 4177 1281 4238 q.

143 4254 276 4333 prater
289 4244 487 4311 alicaetiam
514 4242 609 4307 bunc.
654 4242 718 4306 Sed
742 4242 867 4312 volunt,
890 4246 928 4302 ut
950 4242 1080 4323 opinor,
1102 4239 1164 4303 boc
1186 4259 1284 4307 sensu

144 4336 273 4417 accipi,
290 4352 355 4418 quo
371 4352 430 4398 nos
452 4336 471 4367 “
487 4326 548 4393 den
559 4326 710 4393 birencie
727 4325 811 4391 ouolr
830 4323 951 4415 (ναίονθ’
973 4333 1005 4389 et
1020 4322 1107 4387 Gall.
1130 4322 1171 4391 ils
1186 4348 1284 4391 eroco

143 4430 223 4485 cent
235 4441 275 4485 en
287 4413 438 4483 renuncia
450 4437 486 4480 aa
502 4414 620 4502 prie're.
667 4414 731 4479 Sed
747 4420 785 4476 tu
801 4413 848 4477 sic
870 4412 981 4495 potius
1003 4418 1111 4475 verte:
1136 4408 1204 4482 Qui
1217 4411 1285 4479 diis

144 4502 467 4593 obtemperabimus
489 4519 596 4587 preces
619 4499 670 4565 vel
682 4498 822 4567 mamere
836 4507 923 4564 ratos
939 4494 1052 4562 tabee
1070 4496 1182 4564 colent.
1227 4498 1283 4567 Cf.

142 4595 297 4661 maxime
312 4587 394 4684 ΚΑΙ
422 4586 456 4655 S.
473 4584 504 4655 8.
