3117 5175
317 377 561 463 omassum
580 377 815 452 vassonuu
832 385 995 466 rorans.
1156 386 1227 455 213-
1352 466 1354 479 ¹

90 557 183 634 abitu
205 560 240 624 in
254 547 566 643 fragmentis'etiam
591 557 634 622 ab
657 555 888 642 ignorantibus
905 557 988 623 illud
1001 545 1148 662 librariis
1159 560 1217 626 ob·

87 647 274 796 Hagnidbldd·
290 735 400 796 autem
426 731 467 796 de
491 731 554 796 hae
575 732 684 796 forma
708 728 948 795 dubitationem
974 730 1054 796 mihi
1081 698 1216 814 quidem
1259 801 1266 816 ,

88 820 201 884 eximit
215 819 318 884 alt'ert
331 817 464 899 gernirs
478 823 528 882 πῖν
539 833 600 902 pro
613 820 695 890 πιεῖν,’
717 832 819 898 quam
832 837 852 880 e
863 816 1134 900 plebeio'*itidem
1146 837 1214 884 ser·

87 913 179 969 mone
200 905 237 970 in
265 903 418 972 iraetum'
436 905 642 988 epigramma
663 901 736 988 (28)
765 903 938 988 adoptarit
956 901 1138 980 'Lesbiae
1171 905 1283 1002 ‘¹0248

88 991 227 1057 horridis
240 991 437 1072 quibusdam
449 990 677 1073 grammaticis
701 991 750 1053 ita
764 990 925 1076 loquens;
946 987 1007 1054 Οἷς
1030 995 1062 1055 οῖ
1078 987 1215 1067 'sisoim

88 1081 188 1156 λέγειν,
210 1082 242 1142 ιδ
267 1082 318 1141 πῖν
342 1079 434 1159 φίλον.
479 1075 531 1141 Ad
550 1096 648 1158 quem
661 1094 792 1142 uersum
818 1076 963 1141 ecodice
986 1074 1065 1141 Vnt.
1079 1084 1217 1144 enotata

89 1170 139 1229 est
152 1165 315 1248 scripturo
328 1168 402 1236 πεῖν,
425 1169 550 1228 veteres
565 1169 675 1228 autem
698 1164 818 1244 glossae
835 1162 1091 1247 explicationem
1114 1163 1238 1234 dentz.
1348 1218 1350 1223 .
1415 1193 1419 1205 ¹
1529 1148 1532 1158 ¹

89 1249 151 1312 ἀντὶ
166 1253 323 1316 εοῖιπῖνειν.
366 1249 485 1314 Mirari
508 1246 640 1334 quidem
655 1249 783 1334 possis,
805 1247 1128 1331 curgeminadieam
1149 1251 1218 1316 heae

88 1343 141 1416 φῖι
154 1341 265 1411 οιπῖι,
287 1354 362 1400 eum
384 1335 480 1410 illud,
502 1338 530 1400 si
557 1335 698 1420 probum
723 1335 779 1410 sit,
801 1354 860 1420 per
882 1354 1051 1419 apocopen
1079 1356 1098 1400 e
1123 1344 1219 1419 φῖινιιι,

88 1423 150 1485 hoe
175 1441 236 1505 per
263 1441 426 1506 syncopen
454 1425 707 1487 concionatum
732 1423 790 1486 sit.
834 1418 959 1486 Verum
982 1423 1017 1485 ni
1041 1441 1145 1488 caems
1165 1423 1217 1488 fui

88 1526 227 1592 semper,
249 1508 431 1574 luculenter
443 1509 599 1593 probasse
612 1508 693 1572 mihi
710 1507 824 1572 videor
842 1507 877 1571 in
901 1507 1118 1592 grammatica
1144 1527 1220 1574 mea

88 1591 136 1676 (p.
151 1591 227 1670 247,
242 1593 347 1678 248.),
369 1616 410 1659 ex
429 1595 614 1678 hujusmodi
640 1612 781 1677 syncope
806 1598 919 1660 natam
941 1613 1012 1658 esse
1027 1595 1118 1659 illam
1138 1614 1219 1681 quo·

85 1680 225 1744 tundam
235 1681 408 1746 verborum
423 1682 493 1745 sive
504 1682 677 1746 uerborum
691 1680 838 1764 partium
853 1679 1097 1756 formationem,
1118 1698 1219 1763 quam

86 1766 129 1829 ad
142 1768 406 1850 conjugationem
422 1769 456 1831 in
471 1794 506 1842 μι
530 1767 654 1831 referre
670 1768 826 1841 solemus,
847 1772 885 1831 ut
898 1767 979 1840 ἔβην,
994 1767 1074 1848 ἔφυν,
1097 1767 1148 1831 ita
1168 1774 1220 1833 ta·

87 1871 173 1926 men,
194 1858 233 1917 ut
247 1855 294 1916 ob·
313 1854 397 1920 hanc
419 1855 525 1938 ipsam
539 1872 700 1938 syncopen
715 1852 880 1917 auctiores
903 1853 939 1915 in
963 1853 1026 1916 line
1040 1853 1138 1918 iactae
1150 1855 1220 1920 sint

86 1939 201 2002 forma
216 1939 379 2026 quiedam,
401 1947 439 2004 ut
458 1937 643 2005 infinitivus
660 1939 765 2012 δῖε-ιιι,
787 1936 941 2023 imperat.
955 1936 1047 2004 δῖιδι.
1089 1937 1168 2003 Jam
1183 1940 1220 2005 in

86 2025 470 2106 quibusdamverborum
492 2026 697 2110 temporibus
722 2026 794 2089 haec
817 2026 889 2090 sola
901 2025 1080 2090 declinatio
1093 2024 1220 2092 obtine·
1345 2095 1349 2108 ,

86 2111 157 2186 bai,
179 2116 217 2176 ui
240 2109 767 2188 in·iomv,moira1,ms'ii,pois
794 2117 885 2184 eic.;
916 2112 983 2175 alia
1012 2131 1054 2176 ex
1082 2117 1221 2197 uimque
1261 2124 1265 2144 ²

87 2197 194 2262 mixta
207 2204 313 2263 erant.
357 2195 400 2262 Et
423 2200 457 2262 in
483 2199 599 2264 horum
623 2216 759 2263 numero
781 2205 832 2263 est
855 2197 999 2262 aoristus
1015 2199 1103 2272 ἔπιον,
1123 2201 1220 2281 eujus
1331 2231 1337 2243 =

89 2281 306 2368 imperativus
326 2303 393 2348 non
417 2290 468 2349 est
486 2287 548 2358 πίε,
570 2284 627 2352 sed
650 2281 741 2357 πῖδι;
774 2283 828 2349 eui
850 2283 893 2348 ad
916 2302 1066 2349 normam
1087 2283 1219 2349 iliorum

86 2367 178 2445 ordia
192 2377 305 2446 γνῶναι,
328 2366 393 2435 ibba
412 2369 487 2436 δῖναι
512 2370 687 2455 respondet
709 2367 895 2435 infinitivus
919 2375 1009 2432 πῖναι.
1054 2366 1220 2452 intelligis

89 2458 220 2540 opinor,
240 2456 377 2540 perinde
391 2473 476 2530 esse,
499 2457 568 2520 sire
581 2476 603 2520 a
617 2460 690 2520 πιεῖν
710 2456 782 2520 sive
796 2457 840 2520 ab
854 2455 1016 2518 inusitato
1029 2459 1106 2517 πῖναι
1125 2475 1218 2540 repe·

89 2547 142 2608 tus
156 2543 289 2608 brevius
311 2549 371 2622 πῖν,
394 2549 483 2608 reete
508 2543 612 2624 igitur
632 2542 694 2606 hoc
718 2540 818 2622 jungi
843 2541 894 2605 illi
919 2546 984 2622 φῖν,
1002 2539 1092 2622 quod
1108 2540 1217 2608 indice

87 2636 193 2695 metro
208 2631 242 2693 ln
258 2628 463 2694 Parmenidis
478 2634 574 2692 versu
597 2628 761 2693 detectum
786 2627 849 2691 hae
869 2626 1024 2708 analogia
1048 2628 1219 2693 confirma·

86 2722 152 2779 tur.
196 2716 377 2799 Scriptum
404 2721 516 2779 autem
540 2718 602 2778 πεῖν
625 2732 667 2780 ne
687 2713 859 2788 inhoereas,
880 2717 969 2777 vetat
982 2711 1063 2777 illud
1081 2710 1161 2788 πῖδι,
1183 2722 1289 2829 “249

85 2802 319 2903 antiquissima
342 2802 504 2865 vocalium
529 2826 550 2862 ει
571 2806 611 2864 et
635 2826 644 2861 ι
673 2800 708 2863 in
726 2799 823 2863 libris
847 2804 882 2864 et
902 2799 939 2862 in
958 2792 1122 2883 lapidibus
1142 2820 1219 2867 oon·

86 2888 215 3037 suffic
230 2976 307 3037 sunt
321 2990 392 3054 quae
417 2971 458 3037 de
472 2968 697 3036 consimilibus
723 2968 924 3051 quibusdam
952 2972 1127 3035 verborum
1151 2940 1219 3037 ior-

86 3060 153 3123 mis
163 3058 354 3144 exponenda
375 3058 457 3122 mihi
471 3077 542 3123 esse
557 3057 684 3141 putavi.
729 3054 903 3143 inquibus
925 3076 1000 3122 eum
1023 3058 1123 3123 verbo
1141 3059 1220 3123 tcti·

85 3147 195 3228 gerim
219 3144 267 3230 (p.
292 3144 385 3231 207.)
407 3144 570 3209 rationem
599 3145 704 3217 iliam,
732 3162 798 3227 qua
826 3144 861 3207 in
889 3143 999 3208 verbis
1021 3143 1219 3230 quibusdam
1339 3161 1343 3169 ·

83 3232 274 3313 significatu
297 3227 449 3296 affinibus
463 3231 643 3295 formarum
655 3230 757 3295 etium
771 3230 1002 3311 cognationem
1016 3232 1120 3295 secuti
1141 3236 1220 3298 eunt

84 3316 209 3397 Graeci,
228 3320 285 3383 ria
300 3320 362 3383 hoc
381 3318 454 3382 loco
478 3316 732 3382 commodiorem
747 3316 911 3380 inveniam
935 3316 977 3381 de
991 3318 1134 3381 maxime
1151 3336 1218 3381 me·

85 3405 242 3470 motabili
257 3405 404 3488 ejusdem
429 3403 477 3467 rei
503 3403 653 3486 exemplo
675 3402 841 3483 monendi,
862 3402 949 3485 quod
964 3402 1116 3468 Athenaei
1132 3402 1219 3469 indi·

83 3491 140 3555 cio
162 3491 197 3555 in
222 3496 369 3555 nostram
394 3490 484 3554 venit
508 3490 671 3554 notitiam.
723 3488 895 3573 Syneopen
919 3489 1011 3553 illam
1036 3489 1219 3555 formarum

84 3577 241 3661 perfecti,
263 3578 373 3659 qualis
386 3580 438 3641 esi
452 3579 608 3655 τέτλαμεν,
623 3576 759 3639 τετλάναι
772 3595 832 3660 pro
846 3601 982 3654 ήιιιιιμει,
1004 3579 1101 3643 miras
1116 3596 1135 3640 e
1148 3576 1219 3640 ion·

84 3662 238 3745 gioribus
262 3662 369 3727 verbis
392 3662 459 3726 duo
480 3668 611 3727 tantum
626 3663 660 3726 in
688 3664 792 3727 attico
807 3679 963 3726 ‘sermone
985 3662 1050 3727 sibi
1072 3662 1219 3727 vindicas

86 3750 183 3827 bant,
206 3752 322 3835 ιῖριεπᾷν
331 3747 491 3835 pendae
504 3755 538 3814 et
553 3748 666 3813 δειπνεῖν
681 3768 825 3823 ιιιιιιιιε,·
856 3749 866 3771 ’
884 3750 1002 3823 ι’στιιμεν
1024 3748 1113 3812 enim
1134 3749 1220 3813 dioe-

85 3837 171 3900 bant
185 3840 220 3899 et
232 3833 425 3911 δεδείπναμεν,
440 3835 585 3920 ’διιστάναι
598 3841 632 3899 et
643 3833 820 3899 δεδειπνάναι.
898 3831 934 3899 bi
949 3835 1032 3899 iliud
1045 3835 1220 3899 observatu
1302 3886 1305 3899 .

84 3920 321 4003 dignissimum
345 3927 407 3995 est,
434 3921 523 4002 quod
547 3923 744 3987 elementum
759 3948 779 3985 a
797 3922 922 3985 formas
937 3921 1039 3986 etiam
1053 3921 1146 3987 verbi
1167 3919 1221 3983 δει·

88 4012 169 4073 πνεῖν
183 4010 330 4083 intrarit,
354 4009 448 4089 cujus
467 4007 657 4073 terminatio
684 4008 822 4093 proprio
843 4011 879 4072 ε’νι
893 4014 956 4082 est,
979 4027 1057 4082 non,
1079 4013 1117 4071 ut
1130 4004 1222 4071 verbi

86 4098 219 4178 ἀρισπᾷν,
240 4096 291 4157 εἰει.
350 4092 440 4159 Nam
464 4099 502 4158 ut
531 4113 606 4159 eum
637 4094 752 4177 aliqua
773 4094 843 4159 veri
865 4096 983 4179 specie,
1011 4094 1087 4159 lieet
1106 4104 1223 4158 contra

92 4180 297 4263 analogiam,
313 4181 434 4264 aliquis
456 4180 557 4255 di'cat,
571 4208 590 4243 ει
602 4180 685 4243 illud
706 4182 741 4245 in
757 4178 937 4257 δεδείπναμεν
950 4180 1136 4265 proiectum
1150 4197 1223 4243 esse

89 4262 361 4334 eterminatione
376 4292 448 4342 ιμει
463 4268 498 4331 in
519 4265 749 4342 δεδειπνήκαμεν,
772 4286 839 4330 non
863 4272 976 4334 tamen
995 4265 1037 4330 de
1056 4263 1223 4330 infinitivo

88 4350 263 4417 δεδειπνάναι
290 4354 405 4419 eodem
419 4355 515 4419 modo
529 4354 712 4419 existimari
736 4358 857 4441 potest.
901 4350 1029 4417 Notum
1048 4351 1151 4435 igitur
1172 4356 1225 4417 est
1357 4392 1361 4398 ·

87 4464 110 4501 a
126 4458 148 4502 a
171 4442 381 4524 correptione
394 4442 512 4516 litterae
533 4466 566 4516 ν,
587 4458 658 4521 quae
679 4440 715 4504 in
730 4442 850 4506 ceteris
862 4438 995 4521 quidem
1010 4439 1096 4503 hanc
1110 4456 1224 4521 synco-

83 4544 158 4613 pen
173 4526 427 4599 admittentibus
447 4528 558 4598 verbis
583 4526 738 4594 omuibus
757 4526 927 4597 descendit
951 4545 973 4592 a
992 4524 1226 4593 terminatione
1317 4557 1321 4566 ·
