3117 5175
461 437 873 505 ruoamcamuuun.
910 435 916 447 '
1171 431 1233 510 149
1318 451 1322 457 ’

110 611 182 672 sunt
203 608 268 674 illae
281 609 608 694 quidsm·verre,ssd,
632 613 697 678 nisi
707 613 801 694 iusta
813 612 993 698 explicatio
1006 606 1157 690 'accedat
1172 629 1242 680 eae··

110 695 191 768 dom,
206 696 241 759 id
257 699 343 782 quod
364 700 490 765 iactum
515 705 578 772 est,
593 700 756 782 plurimos
781 702 919 781 gignant
945 704 980 762 et
1002 703 1160 765 maximos
1183 721 1235 766 er·

108 799 192 846 rores
212 802 343 848 necesse
363 791 420 850 est
464 783 530 858 Qui
556 786 686 869 ellipsin
710 792 810 868 atque
829 787 1059 869 pleonasmum
1077 787 1112 850 in
1137 789 1236 854 omis·
1309 799 1312 805 '

108 868 197 932 sione
223 871 313 935 verbi
340 874 517 936 necessarii
539 880 573 934 et
598 873 783 954 adjectione
801 891 870 960 non
895 873 1071 953 neoessarii
1093 881 1236 958 penum,

108 959 324 1024 necessarium
338 959 409 1022 iere
423 960 529 1024 solent
554 956 587 1021 id
602 977 729 1032 vocare,
751 959 840 1039 quod
854 977 898 1021 an
912 960 1140 1040 integritatem
1164 945 1306 1027 ora-101

108 1042 208 1105 tionis
221 1046 407 1125 requiritur.
452 1045 498 1108 At
513 1047 581 1108 haeo
592 1044 670 1129 ipsa'
681 1045 843 1110 orationis
868 1047 1044 1127 integritas
1061 1046 1127 1110 nisi
1143 1056 1238 1113 tocu-

107 1131 211 1194 ratius
224 1132 410 1211 deliniatur,
424 1131 507 1196 nihil
525 1131 637 1205 babet,
646 1150 716 1212 uuo
728 1135 805 1214 quis
820 1138 908 1195 recte
922 1134 971 1195 uti
986 1135 1103 1216 possit.
1148 1133 1239 1202 Nam

109 1223 141 1280 et
155 1217 262 1282 brevis
276 1221 406 1301 integra
418 1225 467 1282 est
481 1221 601 1293 oratio,
618 1226 651 1284 et
666 1220 814 1302 copiosa,
839 1237 899 1282 nec
913 1220 1033 1300 magis,
1057 1221 1115 1302 qui
1131 1221 1241 1287 brevi·

106 1305 168 1375 tati
182 1305 217 1372 in
232 1309 370 1375 dicendo
384 1307 506 1378 studet,
522 1307 704 1388 quidquam
718 1306 857 1376 omittit,
878 1308 1159 1390 quamsuperllua
1182 1309 1241 1374 ad·

105 1397 230 1477 jungit,
245 1400 302 1478 qui
317 1395 429 1478 copia·
472 1390 568 1466 Quod
584 1393 703 1474 siquis
728 1395 889 1472 integram
912 1393 1095 1458 orationem
1119 1413 1239 1461 vocan-

106 1481 182 1546 dam
196 1481 342 1547 'censeret
360 1501 444 1561 earn,
459 1501 533 1564 quoa
547 1499 608 1566 pro
621 1480 761 1546 consilio
775 1482 860 1564 ejus,
888 1478 947 1561 qui
969 1481 1160 1562 loqueretur
1180 1489 1242 1548 aut

105 1569 273 1643 scriberet,
288 1588 375 1634 nurno
389 1569 557 1634 concisior
572 1575 671 1641 esset,
697 1587 785 1632 nune
804 1567 1012 1650 explicatior,
1038 1568 1067 1631 is
1090 1568 1242 1651 pleonas-

106 1670 197 1718 mum
223 1675 298 1720 oum
322 1659 432 1739 copia,
458 1657 589 1743 ellipsin
619 1673 694 1719 oum
720 1655 883 1718 brevitate
905 1653 1132 1719 confunderet
1190 1655 1243 1722 Ao

106 1741 210 1822 multi
234 1741 320 1806 irunc
357 1761 500 1807 errorem
536 1742 753 1816 admiserunt,
781 1742 929 1804 maxime
964 1742 1000 1803 in
1035 1744 1241 1824 pleonasmo,

105 1845 211 1908 quum
238 1829 404 1894 abundare
426 1829 607 1916 crederent,
627 1847 701 1911 quse
725 1829 760 1894 in
781 1829 899 1892 iisdem
925 1827 1055 1891 dicendi
1085 1828 1240 1893 formulis
1337 1858 1342 1880 ι

105 1914 185 1978 aliis
198 1914 234 1978 in
248 1918 328 1980 locis
342 1919 466 1981 omissa
484 1922 606 1988 essent,
621 1933 688 1978 non
713 1920 920 1998 reputantes,
943 1915 1156 1988 econtrario,
1181 1915 1241 1979 ubi

105 1999 174 2064 istu
188 2004 389 2084 positasuut
404 2004 446 2066 ab
461 2003 609 2084 antiquis
636 2001 862 2084 scriptoribus,
885 2001 1106 2065 desideratum
1132 2001 1187 2076 iri,
1210 2003 1240 2066 si

104 2105 174 2150 non
190 2091 448 2172 essentposita3
470 2086 528 2153 ubi
552 2094 662 2151 autem
681 2090 818 2162 omissa,
843 2090 966 2152 omissa
993 2087 1098 2151 fuisse
1111 2095 1243 2171 propte·
1298 2149 1303 2167 ,

105 2191 177 2248 rea,
192 2175 281 2257 quod
296 2178 344 2244 ibi
359 2179 470 2259 posita
492 2175 659 2260 superflua
673 2175 827 2238 luissent.
848 2170 855 2176 '
871 2173 943 2238 Nee
961 2193 1036 2238 raro
1049 2172 1138 2238 idem
1150 2191 1244 2238 error

103 2261 196 2324 circa
221 2262 352 2346 ellipsin
376 2262 555 2334 invenitur,
582 2279 648 2324 non
675 2259 1023 2332 animadvertentibus,
1045 2261 1104 2342 qui
1127 2259 1169 2323 de
1192 2261 1246 2326 his

104 2348 324 2431 scripserunt,
348 2349 383 2414 in
397 2351 546 2412 breviore
570 2339 696 2410 dicendi
711 2347 811 2410 modo
825 2347 908 2409 nihil
924 2364 997 2410 esse
1011 2345 1244 2430 supplendum,

103 2436 190 2514 quis
209 2438 245 2499 in
259 2437 430 2519 ampliore,
455 2441 493 2498 ut
512 2451 646 2516 prorsus
669 2433 810 2505 diverso,
837 2433 922 2496 nibil
937 2437 999 2511 est,
1022 2433 1112 2513 quod
1134 2435 1247 2497 omitti

102 2522 225 2604 possit.
271 2519 405 2584 Clarum
417 2538 494 2586 vero
507 2526 566 2596 est,
587 2536 689 2603 quum
703 2519 744 2582 de
759 2519 869 2602 ellipsi
893 2525 927 2581 et
948 2519 1145 2601 pleonasmo
1158 2522 1256 2601 quae·'

101 2608 206 2683 ritur,
229 2610 469 2691 integritatem,
494 2608 657 2671 orationis
675 2624 848 2690 nonposse
862 2606 964 2668 aliam
975 2607 1131 2687 intelligi,
1148 2625 1248 2691 quam

103 2698 372 2777 grammaticam,
395 2714 469 2777 quae
491 2696 526 2757 in
556 2712 594 2757 eo
628 2698 679 2756 est
714 2693 836 2775 posita,
862 2697 902 2754 ut
938 2692 1048 2755 omnia
1082 2692 1248 2766 dicantur,

103 2800 183 2863 quae
210 2785 287 2867 quis
310 2783 450 2864 cogitari
477 2781 565 2845 velit.
621 2774 737 2859 ltaque
762 2777 902 2841 sirecte
924 2776 1253 2853 definirevolumus,·

103 2870 239 2953 ellipsis
253 2877 302 2935 est
317 2870 453 2933 omissio
476 2865 637 2945 vocabuli,
657 2864 747 2945 quod
761 2864 825 2927 etsi
839 2882 905 2926 non
920 2863 1059 2939 dictum,
1082 2866 1250 2947 cogitatur

102 2958 224 3019 tamen
242 2978 250 3028 ;
273 2954 610 3040 pleonasmus'autcm
623 2951 766 3037 adjectio
781 2950 945 3027 vocabuli,
967 2952 1056 3032 quod
1071 2954 1134 3016 etsi
1155 2932 1319 3016 addi-102

100 3048 197 3113 tum,
213 3049 322 3109 tamen
353 3062 417 3107 non
437 3044 612 3125 cogitatum.
657 3038 723 3103 Sed
748 3058 789 3101 ne
812 3032 1017 3118 hae‘quidem
1041 3038 1249 3103 definitiones

100 3130 293 3211 quidquam
315 3131 473 3193 utilitatis
500 3130 633 3207 habent,
663 3124 728 3189 nisi
753 3124 960 3198 ostendatur,
984 3125 1084 3206 quale
1106 3126 1151 3189 sit
1170 3124 1246 3201 boo,

100 3218 170 3278 aut
195 3216 299 3297 possit
326 3236 409 3291 esse,
430 3216 515 3298 quod
542 3232 607 3277 non
630 3212 755 3277 dietum
779 3209 933 3291 cogitari,
956 3216 1016 3275 aut
1036 3211 1160 3277 dictim
1182 3232 1250 3278 nou

98 3303 254 3387 eogitari
267 3310 381 3384 queat.
438 3382 442 3387 Ι

455 3384 498 3452 ΙΙ.
523 3384 691 3459 Quirinos
704 3380 904 3469 citEllipsslc.

151 3517 334 3595 Ordiamur
347 3528 389 3591 ab
405 3527 527 3609 ellipsi.
573 3524 683 3607 Atque
697 3528 774 3587 ante
790 3524 904 3587 omnia
917 3521 1103 3586 cavendum
1118 3526 1184 3594 est,
1209 3537 1253 3587 ns

101 3618 242 3701 ellipsis
257 3614 477 3679 confundatur
491 3630 566 3676 cum
580 3610 707 3685 duobus
727 3610 803 3673 aliis
816 3608 944 3673 dicendi
969 3608 1088 3679 modis,
1109 3626 1253 3689 quorum
1298 3682 1303 3689 Ι

69 3696 78 3711 ’
100 3705 144 3769 in
162 3704 269 3767 altero
286 3701 321 3763 id
342 3702 522 3771 omittitur,
538 3698 627 3778 quod
642 3716 661 3759 e
675 3695 938 3779 precedentibus
963 3695 1016 3756 vel
1038 3693 1253 3775 sequentibus

99 3790 225 3855 verbis
241 3787 490 3869 intelligendum
504 3792 568 3857 est,
580 3784 617 3847 in
631 3784 736 3847 allero
749 3789 887 3866 propter
906 3780 1018 3845 varias
1031 3798 1167 3845 caussas
1193 3780 1254 3843 ali·

101 3876 198 3959 quid
211 3876 402 3941 inchoatum
416 3870 639 3954 abrumpitur,
654 3889 729 3952 quar
752 3870 860 3951 figura
878 3867 1083 3950 aposiopesis
1104 3870 1253 3931 vocamr.

102 3962 241 4029 Prioris
256 3962 387 4041 generis
401 3960 551 4041 exempla
566 3958 635 4021 baec
650 3964 771 4021 sunto:
790 3952 840 4017 'lt
864 3958 971 4038 μῆτερ,
993 3953 1059 4021 dne
1072 3957 1105 4015 br
1129 3972 1255 4036 copma-
1347 4003 1350 4007 Δ

101 4056 175 4131 xiv
190 4046 282 4122 δόμων
295 4047 436 4118 Accianos
450 4042 529 4128 imp
546 4040 629 4119 alies,
640 4046 677 4107 ὣς
690 4044 835 4127 orpus'soar
847 4048 955 4113 κακῶς,
966 4036 1114 4124 'Ocovs'cp
1127 4034 1159 4100 εὖ
1172 4038 1257 4100 otri·
1281 4046 1285 4053 ⁴
1305 4048 1311 4060 '

103 4135 176 4199 ubi
192 4154 293 4217 quum
313 4133 491 4200 manifesto
514 4132 720 4211 intelligatur
743 4130 890 4213 ἕπρᾳσσες,
914 4140 983 4192 non
1005 4132 1118 4191 estes
1144 4131 1257 4188 tamen

102 4240 198 4287 vera
219 4222 343 4303 ellipsis
368 4220 529 4303 putanda,
551 4219 631 4301 quia
652 4217 821 4300 praeoessit
839 4215 977 4279 verbum
996 4214 1143 4296 apaan.
1186 4208 1259 4276 Nee

102 4325 198 4375 vera
222 4309 348 4391 ellipsis
370 4313 421 4373 est
443 4308 478 4369 in
500 4304 624 4370 talibus
646 4303 739 4377 locis,
762 4310 802 4366 ut
826 4302 862 4365 in
884 4302 946 4365 boo
965 4296 1122 4379 AEsobyli,
1136 4296 1258 4379 Agarra

106 4390 218 4462 1393.
264 4392 398 4459 Haloti
414 4420 450 4459 νιν
464 4391 515 4455 tls·
532 4395 584 4471 κᾷν
600 4390 672 4453 δυοῖν
685 4391 867 4463 οἰμώγμασιν
889 4383 1033 4453 Metam
1055 4389 1145 4448 αὐτοῦ
1162 4390 1257 4447 abac

102 4482 166 4545 xxi
182 4476 395 4545 ωεπτωκὸτιΤ
413 4481 475 4547 irnv
491 4474 668 4551 ἐπενδίδωμι.
710 4474 910 4541 Iraletenlm
935 4490 1055 4535 nomen
1076 4471 1201 4545 πληγὲν
1221 4472 1259 4535 in

103 4567 223 4631 verbo
241 4568 335 4637 salo,
380 4506 423 4631 Εδῐ
438 4566 496 4629 obi
512 4563 660 4645 sequitur
672 4564 823 4633 uerbum,
840 4566 888 4623 ut
915 4560 950 4623 in
975 4557 1090 4621 eadem
1113 4554 1259 4640 AEselryli

100 4654 235 4747 fabula
250 4672 279 4717 v·
293 4648 374 4722 579»
409 4648 451 4717 Ti
465 4648 533 4726 ,τοὺς
548 4646 749 4741 &similatus
764 4652 793 4714 ἐν
808 4646 902 4731 ψήφῳ
915 4648 1020 4722 λέγειν,
1040 4642 1099 4710 Tb
1123 4644 1220 4727 ζῶντα
1233 4643 1259 4708 δ’
1267 4659 1335 4735 103
