3117 5175
405 381 651 486 amomum
664 387 1062 491 mammonas·
1264 427 1309 495 aa

165 583 264 682 1191911
276 583 438 672 regionem
482 591 554 660 Neo
576 593 655 660 ver'o
679 613 736 680 ap.
763 591 969 662 Herodomm
988 594 1128 660 absumo
1154 597 1209 659 ast
1230 612 1307 660 sus·

166 674 560 770 plciointerpolationis„
588 680 677 748 Nam
698 683 770 748 iere
783 683 854 748 sola
874 684 971 767 ponit
996 689 1172 747 ventorum
1195 681 1302 746 nomn

166 769 223 858 '¹3²’
241 766 278 824 ut
293 761 334 826 ii.'
344 763 377 828 8.
399 767 474 850 πρὸς
497 771 682 854 μιάαμβρίης
705 795 737 833 τε
752 768 802 831 καὶ
824 772 905 832 νότου
924 771 960 834 ei
972 767 1088 837 11145.
1110 769 1153 832 mi
1163 766 1237 852 arpis
1249 773 1299 836 3⁰·

165 851 233 928 'pm
281 845 424 926 Montes,
453 855 546 920 lacus
580 860 614 917 et
641 855 778 918 flumina
805 856 877 918 iere
905 857 1027 920 accolis
1056 859 1190 920 tantum
1217 859 1300 919 nota
1388 865 1393 874 '

165 937 271 1024 crant.
316 935 392 1001 Non
419 941 521 1020 igitur
543 940 668 1023 liquido
688 943 898 1025 pleonasmos
917 945 1048 1006 statuas
1071 943 1109 1006 in
1132 941 1212 1005 iris:
1233 939 1298 1004 lle·

165 1021 268 1102 noph.
284 1017 369 1108 Exp.
387 1022 464 1107 Cyri
479 1027 503 1088 i.
520 1023 555 1099 4,
570 1025 599 1091 9.
614 1046 642 1091 t.
666 1025 713 1090 tvi
734 1027 782 1090 riv
797 1024 1067 1102 Xanon'mntv,
1083 1026 1154 1091 ὄντα
1175 1025 1210 1088 τὸ
1224 1027 1301 1110 εὖρος

164 1102 308 1190 πλέθρου,
327 1111 432 1196 πλήρη
455 1110 479 1173 δ’
506 1108 619 1192 ἰχθύων
641 1118 706 1177 etc.
760 1109 906 1177 Deinde:
928 1119 980 1178 rot
1005 1113 1041 1176 Δ
1078 1111 1183 1178 ddum
1205 1135 1303 1175 ποτω-

163 1193 279 1266 lavisti
293 1193 327 1256 τὸ
352 1195 429 1281 εὖρος
442 1194 586 1282 antiqno.
630 1190 718 1272 Quia
731 1199 905 1280 longitudo
927 1201 1049 1264 nonde
1095 1199 1177 1273 itur,
1202 1217 1302 1264 nemo

162 1275 313 1345 dubitare
337 1288 481 1366 poterat,
516 1303 589 1348 esse
621 1286 768 1357 ποταμόν.
829 1285 892 1350 Sed
920 1289 1041 1368 ἀφέλεια
1066 1282 1299 1369 Xenophontis

162 1365 296 1448 volebat
312 1368 372 1433 hoc
386 1369 496 1456 ipsum
511 1369 599 1450 addi,
623 1371 659 1434 in
673 1371 775 1436 fluvio
788 1373 971 1456 prasertim
990 1372 1149 1454 ignobili.
1192 1367 1300 1435 Hero·

166 1447 258 1517 dian.
283 1455 332 1520 iii.
367 1454 395 1520 l.
417 1464 468 1522 τοῦ
489 1452 606 1541 Ταύρου
629 1455 718 1542 ipsos.
772 1455 858 1523 Cum
889 1455 990 1524 Tauri
1007 1463 1077 1523 iam
1099 1459 1211 1522 milltoe
1232 1459 1301 1523 sint

162 1535 433 1618 significationes,
449 1543 549 1606 semel
572 1541 650 1628 ὅρους
664 1563 784 1608 nomeu
798 1551 932 1629 poterat
954 1544 1087 1628 subjici.
1132 1542 1299 1628 Deinceps

163 1627 286 1710 sapius
299 1624 412 1713 Taipo's
426 1627 617 1711 simpliciter
630 1633 825 1714 appellatur.
867 1629 988 1696 Strabo
1008 1633 1054 1695 xi.
1072 1631 1101 1705 l,
1124 1630 1159 1694 5.1
1182 1639 1224 1717 τῷ
1243 1653 1299 1693 πο·

162 1720 251 1798 rand
265 1722 307 1800 τῷ
329 1711 471 1788 Τανάῖδιι
495 1722 530 1779 et
543 1712 613 1778 καθ’
636 1715 657 1779 ἃ
679 1713 806 1802 ὅΚῦρος
825 1716 875 1781 nui
896 1715 1046 1803 ὅἈράξις
1063 1715 1189 1779 ἐκδίδωσι
1204 1739 1302 1780 ποτα·

163 1795 235 1870 μὸς,
262 1801 328 1884 ῥέων
352 1803 366 1862 ὁ
390 1802 443 1874 μὲν
467 1808 528 1866 etc.
581 1800 646 1866 Sed
673 1803 855 1888 geographi
875 1803 934 1868 vix
954 1809 1095 1888 possunt
1117 1803 1154 1867 in
1174 1802 1299 1868 talibus

161 1901 233 1947 estc
259 1885 358 1952 nimis
378 1888 562 1970 diligentes
606 1885 658 1952 De
685 1891 737 1953 his
758 1888 929 1956 hactenus.
975 1889 1053 1953 Alia
1074 1908 1134 1974 per
1162 1890 1297 1974 apposi-
1378 1882 1384 1896 ¹
1437 1907 1441 1916 ¹

160 1967 289 2035 tionem
311 1972 469 2039 declarari
495 1979 626 2039 necesse
655 1980 724 2049 est;
747 1976 791 2039 de
813 1977 935 2057 quibus
956 1978 1008 2040 vel
1023 1976 1224 2040 mentionem
1245 1975 1295 2039 ia·

151 2071 237 2124 ‚cere
251 2058 335 2122 nihil
346 2061 480 2125 attinet.
524 2057 588 2145 Vl)
608 2058 669 2136 lia,
684 2080 759 2143 qun
771 2058 859 2144 Isag-
879 2063 910 2147 i.
935 2061 986 2126 17.
1008 2068 1093 2126 extr.
1110 2060 1295 2141 tetigimus,

162 2139 228 2206 huc
252 2145 304 2208 vel
320 2145 479 2229 ¹inprimis
500 2149 677 2230 pertinent.
700 2197 704 2206 .
722 2145 810 2211 Sunt
833 2150 922 2212 enim
947 2147 1174 2213 mbstantiva:
1196 2151 1243 2222 et,
1264 2151 1296 2213 si

159 2228 251 2310 quod
264 2231 400 2294 verbum
414 2235 486 2314 ejus
507 2235 637 2315 generis
651 2233 806 2305 occurrit,
828 2233 1027 2297 substantivi
1042 2233 1111 2297 vim
1132 2233 1293 2308 continet,

160 2319 200 2378 ut
223 2314 479 2381 tielrxdamms.
524 2316 647 2382 Forum
669 2318 722 2382 lric
744 2319 943 2384 mentionem
969 2323 1085 2383 'rursus
1105 2317 1293 2383 iaciendum

162 2399 329 2479 duximus,
353 2406 435 2487 quia
458 2422 597 2469 numero
617 2404 748 2468 infinita
760 2410 850 2479 sunt,
871 2409 906 2469 et
929 2422 1037 2488 pauca
1054 2410 1185 2469 tantum
1205 2424 1294 2487 quu-

161 2485 239 2551 dam
254 2491 447 2556 monendic
491 2509 529 2554 aa
543 2496 681 2572 possunt
706 2491 967 2555 commemorari.
1012 2486 1181 2571 Quidquid
1202 2493 1293 2555 enim

160 2574 351 2642 scholastici
374 2597 400 2660 p
467 2576 640 2644 ioabilibus
658 2583 693 2641 et
715 2577 996 2661 praedicamentis,
1020 2596 1095 2659 quae
1117 2575 1292 2652 vocabant,

159 2664 480 2746 complectabanmr3
501 2663 536 2727 id
562 2664 768 2729 substantivo
782 2681 975 2748 expressum
994 2680 1069 2728 cum
1082 2663 1207 2727 virmte
1219 2662 1292 2729 dia·

159 2748 279 2814 lectica
296 2751 344 2815 vel
360 2750 527 2815 &thetica
551 2756 662 2833 potest
684 2754 718 2815 at
740 2750 824 2814 solet
847 2748 1029 2815 abundare.
1070 2747 1156 2813 Sunt
1177 2753 1292 2815 autern

158 2834 232 2901 iere
246 2836 351 2901 dativi
375 2844 409 2901 et
433 2836 611 2901 sementivi
637 2836 734 2918 hujus
756 2837 907 2918 generis:
930 2837 1021 2917 φύσει,
1044 2838 1171 2909 σώματι,
1192 2836 1290 2921 ῥύμῃ,

155 2925 374 3074 ἲορφῃέἀνέιος,
388 2920 481 3075 iliius,
492 2923 592 2998 πόλιν,
605 2921 821 2999 inimicitiam,
843 2916 966 2996 taison
987 2922 1204 3006 acasi52'oopip
1223 2927 1288 2987 etr.

180 3026 237 3074 am
304 3028 401 3093 singu
415 3028 446 3074 a.

653 3169 795 3238 ANHP.

206 3335 232 3401 l.
261 3333 334 3401 Hoc
366 3334 515 3401 abundat
545 3336 698 3417 junctum
732 3331 925 3415 gentilibus,
961 3336 1001 3396 ut
1032 3330 1103 3417 trip
1131 3324 1288 3405 Ῥωμαῖος.

156 3418 252 3489 Usus
271 3424 362 3489 enim
384 3424 437 3489 hic
460 3429 512 3487 est
535 3420 704 3503 loquendi,
729 3426 768 3485 ut
793 3418 953 3483 vocabulo
968 3416 1119 3493 Ῥωμαίου
1139 3419 1290 3487 absoluta

154 3510 272 3592 posito
288 3510 489 3593 significetur
510 3508 618 3575 incola
641 3504 730 3573 ισὸἰε
754 3504 908 3572 Ronmnae
932 3509 991 3570 aut
1012 3501 1094 3569 noir
1112 3500 1289 3585 Romanos,

155 3614 226 3661 nou
240 3597 425 3678 subJectum
438 3595 577 3677 quodvis
592 3596 723 3678 generis
736 3592 923 3666 masculini,
944 3589 1034 3674 quod
1056 3589 1099 3655 a'd
1122 3586 1290 3659 Romamn

153 3683 315 3748 urbemve
343 3680 529 3748 Romanam
565 3684 740 3768 pertineat.
796 3675 912 3759 ltaque
938 3696 1035 3742 verus
1067 3677 1125 3741 llle
1159 3679 1288 3745 videtur

154 3767 379 3853 pleonasmus.
438 3767 527 3835 Nam
559 3786 732 3854 perperam
756 3764 792 3829 in
821 3762 935 3829 Gram.
966 3761 1137 3828 Marohlca
1164 3763 1223 3831 Gr.
1251 3763 1304 3852 p.'

155 3874 204 3921 m.
219 3854 294 3921 411.
332 3853 480 3930 ‘Penates
490 3852 694 3929 et‘Ponaixts
707 3854 795 3917 inter
808 3869 849 3917 ca
858 3851 998 3931 gentilia
1010 3855 1193 3933 ponuntur,
1208 3870 1289 3933 quo-

154 3960 232 4022 rum
246 3944 383 4009 diversa
397 3946 475 4009 sunt
496 3941 755 4013 terminationes,
777 3938 937 4003 sedidem
960 3955 1085 4003 sensus.
1128 3936 1216 4004 Nam
1229 3940 1288 4004 ad·

149 4031 280 4112 jectiva
293 4030 433 4112 gentilia
455 4028 490 4092 in
513 4055 570 4092 nos
594 4032 672 4091 sunt
696 4024 894 4110 possessiva,
915 4029 952 4088 et
975 4044 1037 4090 usu
1055 4041 1219 4106 mnsuque
1243 4025 1288 4089 ab

153 4116 225 4195 lllis
238 4116 407 4192 differunt,
421 4115 542 4197 quibus
558 4116 654 4179 homo
668 4118 766 4177 certa
787 4110 932 4177 civitatis
952 4115 1013 4175 aut
1025 4110 1170 4175 nationis
1184 4111 1286 4193 signi·

152 4204 284 4279 ficator.
314 4198 417 4269 'Hinc
438 4200 616 4285 Dionysius
640 4198 750 4265 Halic.
765 4216 850 4282 opus
870 4216 966 4262 suum
986 4215 1050 4260 non
1062 4192 1214 4269 Ῥωμαίων
1237 4201 1286 4283 tp-

151 4292 328 4372 χιιολογίαν
341 4289 520 4373 inscripsit,
541 4288 598 4353 sed
607 4284 792 4361 ‘Paulatim
805 4282 977 4370 ,loseplrua¹
991 4300 1089 4347 suum
1110 4278 1288 4359 Ἰουδιῖκδιν,

153 4394 224 4443 nou
236 4374 390 4443 Ἰουδαίαν.
432 4373 484 4441 De
497 4376 530 4440 vi
555 4370 734 4458 pleonasmi
748 4370 1021 4439 aichabendum:
1044 4366 1132 4431 sicut
1151 4370 1287 4435 omnino

153 4462 391 4549 drigabmlute
414 4463 560 4546 positum
582 4458 859 4543 significationem
883 4457 1015 4521 virtutis
1041 4452 1152 4525 habet,
1179 4455 1227 4519 ita
1252 4460 1286 4523 et

150 4550 308 4632 junctum
321 4570 396 4617 cum
409 4548 474 4631 adj.
496 4547 626 4631 gentili.
671 4544 891 4611 confirmatur
918 4542 978 4607 hoc
1000 4559 1051 4617 eo,
1076 4536 1167 4619 quod
1180 4548 1289 4609 orato·

154 4654 211 4701 res
230 4640 278 4704 sic
298 4636 468 4723 appellant
487 4634 654 4707 auditores
677 4652 767 4707 suos,
789 4622 1139 4715 uvaopn’aioau,
1160 4624 1293 4705 Θηβαῖοι
