3117 5175
309 440 358 511 24
715 450 1054 510 mmsis—sommus.

316 613 453 683 cobsius
466 608 622 679 admovit·
636 604 885 691 Horatiorum:
908 606 990 674 Jom
1009 622 1100 673 nunc
1112 612 1150 677 ,ct
1177 598 1314 671 incestos
1335 614 1458 669 moret

319 693 681 771 Dctcueromcditotm
693 717 816 783 υιιςυα.
862 694 1015 761 Sonans.
1314 720 1318 729 .

661 816 683 860 *
704 812 1100 881 ΑΠΕΣΤΑΛΜΕΝΟΣ.

361 914 486 984 Maiih.
500 916 593 981 xxvi.
619 914 672 981 47.
695 916 808 980 Ἰούδας
832 915 882 979 sai
897 915 966 991 μετ’
981 918 1071 979 αὐτοῦ
1093 910 1186 997 ὄχλος
1207 906 1305 977 'achiis
1329 907 1387 974 aivi
1402 912 1459 975 riis

321 1010 395 1093 ἆςχ.
411 1032 441 1068 ιι.
456 1028 484 1066 τ.
499 1015 533 1067 λ.
577 998 655 1067 Non
679 1003 849 1067 immerito
863 1001 897 1065 in
912 1000 1099 1069 Valesianis
1114 998 1311 1065 lectionibus
1326 996 1460 1067 additur

322 1093 551 1167 ἆτεοταλμέιος,
573 1090 661 1172 quod
676 1092 811 1154 omnino
826 1090 986 1154 omissum
997 1088 1123 1152 censerl
1143 1086 1252 1153 debet.
1295 1081 1459 1153 Numisia

321 1180 389 1245 vim
402 1176 505 1241 habet
518 1183 570 1241 τοῦ
583 1178 652 1242 dci.
673 1174 712 1241 F.
730 1175 789 1242 Sr.

497 1296 520 1339 *
541 1294 777 1373 AHONOIA,
793 1296 935 1365 NIMIA
951 1291 1275 1363 CONFIDENTIA.

365 1392 406 1459 In
419 1392 606 1470 camelarias
620 1415 649 1459 s.
665 1396 720 1463 τὴν
741 1398 844 1482 ὅρμοι,
866 1398 929 1461 vel.
945 1396 1085 1470 ἅτὸιοιαι,
1106 1396 1240 1478 quando
1254 1390 1406 1457 absolute
1417 1388 1461 1453 de

324 1480 489 1549 militibus
502 1481 650 1565 ponitur,
661 1484 720 1563 qui
734 1494 801 1549 non
820 1502 936 1547 omnes
959 1500 1038 1546 suas
1052 1482 1141 1546 vires
1154 1482 1265 1565 primo
1278 1483 1396 1543 conam
1411 1477 1462 1540 ei-

322 1568 483 1642 fundunt,
506 1567 564 1630 sed
577 1568 626 1631 sic
639 1587 696 1633 eas
710 1570 918 1652 dispensent,
932 1575 970 1633 ut
992 1576 1154 1651 repetere,
1169 1568 1198 1631 si
1221 1584 1307 1650 opus
1330 1566 1391 1637 sit,
1409 1582 1462 1626 se·

325 1656 391 1717 mel
400 1659 501 1736 atque
513 1654 636 1719 lterum
649 1674 797 1738 pugnam
811 1661 945 1738 queant.
988 1653 1178 1737 Xenophon
1194 1651 1234 1719 K.
1260 1652 1307 1717 l'l.
1331 1651 1390 1714 lib.
1414 1650 1462 1712 ir.

180 1772 185 1779 ·
324 1742 475 1825 παρέσχου
489 1740 559 1811 ἡμῖν
582 1738 784 1815 ταμιεύεσθαι,
810 1743 882 1804 ὥστε
906 1742 1014 1804 ὁπόσοις
1028 1738 1212 1815 ἐβουλόμεθα
1233 1743 1328 1804 αὐτῶν
1346 1738 1465 1817 μα’χεο·

325 1822 392 1900 θαι,
414 1822 492 1890 Vid.
509 1824 726 1891 Casaubonus
752 1827 797 1891 ad
820 1824 985 1891 Dinonem
1009 1823 1176 1911 Chrysost.
1193 1822 1339 1889 Diatrib.
1355 1843 1389 1906 p.
1404 1820 1462 1885 24.

324 1910 489 1975 Souras.
535 1910 572 1975 Si
592 1913 712 1995 planet,
735 1915 816 1978 item
845 1914 912 1977 alia
933 1912 1079 1996 suppleri
1103 1917 1252 1997 possunt.
1296 1906 1463 1973 Diodorus

266 2051 269 2056 ,
326 1996 393 2061 Sic.
407 1998 453 2061 iv.
466 2016 538 2081 cap.
555 1997 606 2061 12.
623 2000 701 2063 κατὰ
715 2000 769 2065 τὴν
783 2002 890 2081 μάχην
908 2000 1133 2073 ταμιευσάμενος
1146 2002 1270 2082 ἀκριβῶς
1282 1995 1336 2063 τὴν
1350 2020 1465 2069 συμμε-

325 2085 419 2168 τρίαι.
444 2083 488 2147 ad
509 2103 544 2165 q.
557 2084 581 2147 Ι.
595 2082 858 2168 Wesselingius:
893 2084 1098 2149 “Dicuntur
1119 2086 1243 2148 milites
1263 2078 1464 2155 ταμιεύεσθαι,

324 2188 404 2235 cum
425 2188 492 2233 non
506 2188 620 2234 omnes
634 2190 713 2235 suas
730 2173 818 2236 vires
854 2172 941 2237 rimo
965 2172 1081 2255 inpetu
1106 2170 1289 2247 effundunt,
1313 2168 1369 2233 sed
1394 2184 1465 2240 eas,

324 2262 366 2319 ut
380 2254 508 2319 Seneca
520 2257 581 2331 ait,
598 2254 621 2319 d
628 2255 635 2269 “
669 2268 789 2322 meant.
832 2192 901 2322 iiio
915 2254 1140 2341 chrysostom.
1156 2254 1249 2320 Orat
1274 2238 1322 2319 xi.
1337 2274 1372 2338 p.
1392 2252 1467 2317 177.

326 2340 369 2404 de
383 2338 528 2405 Hectore
542 2361 619 2405 cum
663 2344 763 2407 chille
777 2362 974 2425 congresso:
1000 2340 1052 2407 ἃτε
1064 2342 1139 2407 οὐδὲν
1154 2348 1186 2406 οὐ
1200 2342 1423 2415 ταμιευσάμενος
1437 2340 1467 2403 ἐι

326 2435 370 2511 τῷ
392 2431 490 2502 ἀγῶνι.
505 2427 565 2491 ubi
578 2426 623 2492 ls.
640 2426 786 2492 Gasaub.
799 2430 888 2493 vocis
908 2448 1005 2494 usum
1027 2430 1209 2511 eleganter,
1239 2428 1338 2491 sicuti
1366 2430 1400 2489 et
1422 2424 1468 2487 ad

327 2510 466 2576 Sueton.
480 2508 566 2577 Caes.
581 2532 655 2597 cap.
669 2515 775 2579 xxxii.
790 2516 957 2598 explicuit.
979 2536 981 2543 ·
1002 2512 1077 2579 Hoc
1100 2517 1160 2599 qui
1189 2513 1373 2596 negligunt,
1396 2512 1467 2602 illis

326 2597 465 2685 Joseph.
480 2596 518 2662 Β.
531 2597 567 2662 J.
583 2600 628 2664 iv.
649 2602 678 2678 l,
695 2599 724 2664 6.
740 2606 796 2668 τῆς
810 2604 900 2686 ὁρμῆς
913 2601 947 2663 τὸ
961 2602 1135 2675 ἀταμίευτον
1149 2599 1301 2666 tribuit.”
1312 2598 1466 2666 Setinis.

639 2736 661 2779 ε
681 2734 932 2810 nnonnnu,
953 2709 1166 2810 crosco„

371 2831 411 2898 lu
421 2831 581 2922 Ἕιιᾶεραος
593 2836 683 2920 apud
698 2832 820 2901 Poetus
840 2835 991 2900 absolute
1015 2838 1133 2920 posito.
1179 2835 1279 2902 Plene
1301 2843 1352 2902 est
1376 2836 1471 2921 apud

330 2919 514 2986 Homerum
541 2919 639 2985 Iliad.
667 2921 709 2984 A.
731 2943 762 2986 r.
789 2921 864 2987 479.
887 2920 963 3006 οὖροι
986 2923 1020 2984 ἰἐι
1052 2926 1184 3008 ἑκάεργος
1206 2921 1374 2988 Ἀπόλλων.
1429 2920 1472 2988 ln

323 3004 503 3081 Ἑκηβόλος.
547 3003 685 3072 Homer.
700 3005 795 3072 Iliad.
810 3007 853 3072 A.
878 3027 908 3070 v.
925 3007 977 3072 96.
1000 3007 1162 3093 Expresse
1185 3029 1264 3074 sero
1284 3005 1377 3074 Iliad.
1422 3007 1468 3072 A.

329 3092 633 3200 ν.1’4.Στε’μμαδ’
656 3095 735 3175 ἔχων
759 3098 788 3158 ἐν
813 3093 910 3180 χεροῖν
931 3097 1071 3168 ἑκηβόλου
1090 3094 1289 3208 ’Assinaros
1333 3092 1372 3159 In
1395 3093 1471 3196 'Ag-

328 3173 519 3326 iiiiii.
534 3176 1249 3350 Hddiduduiiidioi'ipriiiionliuiiiiie
1263 3178 1474 3332 11111111ξέ

330 3349 500 3430 usurpari.
545 3345 684 3414 Homer.
699 3348 739 3414 ll.
753 3350 795 3414 A.
818 3351 894 3416 502.
939 3351 978 3416 ln
992 3353 1109 3431 Φοῖβος,
1132 3367 1285 3435 quae'vox
1303 3353 1472 3434 aliassig-

332 3432 447 3498 nificat
456 3453 569 3519 μους,
591 3434 725 3502 lucidus.
771 3436 936 3502 Homerus
950 3435 990 3502 ll.
1006 3438 1048 3504 A.
1062 3461 1098 3512 v,
1109 3439 1186 3506 443.
1229 3439 1327 3526 Φοίβῳ
1342 3438 1375 3501 θ’
1395 3441 1475 3525 ἱερὴν

140 3484 143 3491 ⁴
224 3529 229 3539 '
332 3521 509 3594 ἑκατόμβην.
553 3520 654 3586 Piens
667 3522 746 3586 ibid.
769 3544 801 3587 v.
818 3523 894 3587 457.
940 3521 1003 3589 Τοῦ
1027 3525 1054 3587 δ’
1074 3528 1158 3590 ἔκλυε
1171 3525 1275 3602 Φοῖβος
1297 3523 1471 3590 Ἀπόλλων.

332 3601 433 3670 Unde
448 3601 610 3676 Horatius
624 3609 661 3672 in
675 3629 777 3687 carm.
793 3597 901 3674 saecul.
914 3629 946 3673 r.
964 3610 992 3674 l.

502 3690 634 3769 Plato,
645 3692 861 3782 silomuquoe
870 3705 986 3783 potens
998 3693 1126 3772 Diuus,

505 3776 671 3845 Lucidum
685 3780 755 3846 oaeii
768 3781 876 3847 deno.
1108 3791 1111 3798 '

334 3860 528 3929 Notandum
550 3868 587 3930 in
613 3869 774 3948 ejusmodi
791 3870 979 3953 epithetis,
1015 3869 1188 3936 subaudiri
1212 3889 1346 3955 semper
1366 3869 1474 3946 Deos,

333 3951 457 4034 quibus
470 3951 537 4017 ista
548 3956 761 4029 conveniunt,
777 3957 967 4038 quibusque
981 3962 1060 4024 sunt
1074 3957 1192 4026 indite.
1211 4015 1217 4032 ,
1239 3955 1280 4023 V.
1297 3955 1475 4026 Clarkium

332 4036 377 4102 sd
390 4033 487 4102 Iliad.
502 4035 543 4102 A.
558 4059 593 4104 r.
605 4039 659 4106 43.
683 4041 845 4108 Scuwss.

521 4188 525 4196 ·
582 4159 604 4200 ⁸
624 4157 919 4228 ΑΠΟΣΤΟΛΟΣ.
941 4159 1218 4229 ΔΡΟδΊὈΙιΗδ.

376 4249 480 4319 Deest
503 4251 567 4318 hoc
590 4275 724 4332 nomen,
750 4255 811 4325 ant'
833 4261 942 4325 eidem
957 4263 1170 4347 aequipollens
1184 4259 1340 4339 mincis,
1363 4262 1398 4328 iri
1413 4267 1477 4328 τοῖς

334 4337 442 4403 ἕνδεκα.
487 4338 592 4406 Marc.
616 4345 685 4409 xvi.
719 4343 767 4409 14.
814 4346 888 4412 Aet.
919 4349 957 4412 ii.
986 4347 1035 4412 14.
1053 4357 1121 4413 etc.
1144 4370 1184 4414 ac
1205 4353 1241 4414 in
1270 4355 1329 4414 τοῖς
1352 4347 1466 4413 δώδεκα

332 4423 459 4492 Matth.
483 4429 573 4492 xxvi.
594 4429 646 4502 14,
671 4429 728 4504 20,
750 4429 805 4496 47.
831 4435 844 4498 l
870 4431 946 4498 Cor.
972 4453 1027 4498 xv.
1052 4435 1085 4500 5.
1109 4441 1173 4501 eto.
1218 4437 1481 4521 Suppleturau·

332 4509 549 4665 {upplatth
564 4535 602 4586 x.
630 4517 659 4594 l,
684 4515 719 4583 2.
744 4537 820 4609 cap.
835 4521 882 4586 xi.
903 4521 931 4588 l.
946 4541 1020 4612 cap.
1035 4522 1153 4590 xxviii.
1170 4521 1220 4590 16.
1264 4521 1339 4600 Act.
1366 4524 1390 4590 i.
1414 4521 1479 4590 26.
