3117 5175
261 383 301 449 12
667 392 998 449 amrsrsnorusun

259 574 325 619 non
340 553 409 628 viis,
431 554 488 617 aed
502 549 652 629 &tenplsst’
694 544 789 610 conf.
809 544 1003 625 Wessaling.
1017 543 1059 607 ad
1075 543 1208 609 Diodor.
1234 541 1298 607 Sic.
1322 546 1338 605 t
1359 543 1379 603 i.
1505 620 1506 633 ρ

257 660 292 725 p.
307 640 381 704 312.
410 643 443 703 b.
490 635 696 701 Eoontrario
716 634 838 717 passim
854 634 965 709 videns
984 634 1018 694 in
1042 632 1165 695 talibus
1188 631 1383 709 interpretes

259 728 425 791 somniare
444 726 564 787 iratres
579 740 759 792 sororesve,
775 720 833 783 ubi
850 718 956 785 Graeci
981 720 1157 801 scriptores
1179 716 1219 778 de
1234 715 1310 777 liliis
1324 720 1385 777 aut

260 813 393 890 filiabus
408 814 595 891 loquuntur.
640 806 789 871 Sessar.
967 856 969 859 .

302 899 322 938 ¹*
343 894 381 960 In
411 898 585 977 ὁμοπάτριοι,
607 894 641 957 in
674 893 840 974 ὁμομήτριοι
862 892 896 952 in
920 890 1131 973 οἶμφιμνίτορες,
1158 886 1181 949 ἰ.
1209 907 1237 949 e.
1263 884 1384 971 fratres

262 980 397 1047 diversis
430 978 588 1045 matribus
621 976 700 1054 nati,
737 977 915 1041 secundum
956 974 1095 1057 Hesych.
1130 974 1223 1037 deest
1258 972 1382 1053 ἀδελφοί.

261 1067 387 1133 Larsu.

179 1148 190 1171 ⁸
302 1154 322 1193 ⁴
345 1153 530 1219 Additvoci
554 1148 725 1233 ὁμομήτριος
739 1146 871 1213 lucian.
899 1146 985 1210 Dial.
1007 1145 1172 1229 Apollinis
1197 1151 1231 1219 et
1252 1142 1385 1216 Bocchi,
1443 1140 1450 1153 '

210 1281 215 1290 ι
259 1241 331 1313 ubi,
353 1243 385 1301 τί
399 1237 443 1311 ἂν,
458 1239 579 1319 inquit,
594 1240 724 1309 λέγοιμεν
737 1236 927 1319 ὁμομητρίους
940 1230 1076 1314 ἀδελφοὺς
1091 1227 1300 1317 είνιιιἜροιτας
1322 1239 1385 1295 cei.

260 1324 397 1389 Banna.
610 1355 617 1363 -
1354 1360 1356 1367 .

304 1413 324 1452 ⁴
346 1409 384 1474 ln
400 1430 478 1475 voce
494 1409 677 1489 ὁμογάστριος
690 1406 782 1488 apud·
798 1404 979 1469 Homerum
1004 1402 1087 1469 Iliad
1112 1404 1163 1475 Φ.
1177 1424 1206 1468 r.
1230 1400 1280 1465 95.
1309 1402 1387 1466 sub-

262 1498 396 1561 auditur
409 1495 541 1576 ἀδελφός.
556 1494 613 1575 qui
629 1490 721 1555 Iliad.
743 1491 789 1554 tt.
806 1491 860 1555 47.
878 1490 1064 1575 Synonyinn
1078 1488 1218 1573 Ellipsin
1234 1491 1386 1573 supplet:

262 1584 295 1649 tt
309 1586 475 1655 κασίγνητον
491 1582 855 1662 &usvaurpun—m-

304 1664 343 1733 In
367 1666 486 1743 δίδυμοι.
530 1664 692 1728 Homerus
711 1663 806 1727 Iliad.
828 1662 864 1729 l.
882 1681 910 1725 v.
925 1662 999 1727 1141.
1023 1660 1065 1725 Oi
1080 1662 1104 1723 δ’
1120 1660 1161 1745 ἄρ’
1177 1662 1241 1726 ’ἕσαν
1267 1660 1386 1735 δίδυμοι.

263 1751 363 1818 Pleno
376 1754 464 1836 apud
487 1751 682 1833 Dionysium
707 1747 783 1813 Hal.
809 1751 870 1813 lib:
896 1751 930 1813 ii.
948 1770 977 1832 p.
1005 1748 1057 1811 78.
1081 1746 1196 1829 ἀδελφοί
1211 1746 1321 1821 δίδυμοι
1336 1748 1390 1809 τοῦ

261 1829 406 1912 Βαοιλείου
419 1842 513 1913 γένους
524 1837 604 1903 ἦσαν.
648 1834 832 1919 Xenophon
857 1837 914 1899 lib.
944 1836 991 1897 iii.
1019 1833 1057 1897 Κ.
1072 1834 1109 1897 Α.
1132 1854 1201 1915 cap.
1229 1834 1258 1898 l.
1288 1835 1307 1917 ᾖ
1335 1834 1386 1897 12.

226 1942 230 1947 ’
261 1925 293 1988 ts
306 1926 354 1988 καί
371 1932 421 1989 τοῦ
434 1925 609 2007 ὁμομητρίου
621 1921 669 1983 καί
684 1926 858 2007 ὁμοπατρίου
872 1922 1005 2003 ἀδελφοῦ·
1026 1926 1086 1984 cet.
1099 1918 1257 1983 Scitwltlt.

630 2055 635 2061 ·
708 2017 933 2082 *nomn

304 2104 343 2170 In
359 2109 497 2190 ὑπάρχειν
508 2104 657 2168 absolute
671 2107 790 2189 posito.
835 2104 932 2168 Plene
949 2104 1047 2168 habet
1069 2101 1258 2168 Herodotus
1273 2104 1330 2167 lib.
1345 2104 1390 2167 ir.

262 2213 336 2276 cap.
361 2196 384 2255 i.
411 2190 537 2276 ὑπῆρξαν
562 2190 681 2255 ἀδικίης.
726 2192 804 2255 Alia
818 2193 890 2255 loca
911 2192 985 2254 vide
1000 2191 1035 2253 in
1054 2196 1121 2253 not.
1137 2192 1176 2254 cl.
1192 2188 1388 2255 Valckenar.

262 2281 307 2343 ad
317 2276 486 2361 Euripidis
500 2276 662 2341 Phoeniss.
683 2296 711 2339 r.
733 2276 826 2341 1576.
852 2286 884 2342 et
899 2276 1084 2343 Onosandr.
1108 2277 1142 2339 in
1160 2285 1228 2341 not.
1250 2278 1332 2341 meis
1347 2278 1392 2339 ad

263 2386 294 2429 ο.
308 2366 354 2428 ir.
368 2384 401 2427 n.
417 2363 451 2428 3.
467 2362 626 2426 Soanas.
878 2428 897 2443 η
1045 2405 1048 2413 ,
1107 2410 1114 2425 .

588 2456 599 2463 ’
708 2447 813 2522 ΑΗΡ,
836 2446 938 2513 AER.
1045 2515 1050 2526 ,

308 2535 347 2687 gt
362 2540 376 2600 ὁ
391 2540 541 2621 οιεριέχοιν.
587 2532 781 2599 Plutarchus
793 2537 827 2600 in
842 2536 931 2620 Sylla
944 2534 1026 2600 455:
1051 2534 1082 2613 ἐξ
1105 2540 1238 2619 οίνεφέλου
1251 2537 1299 2600 καί
1320 2534 1391 2600 διαί-

266 2623 318 2710 θρο
350 2631 400 2688 τοῦ
414 2627 592 2707 περιέχοντος
607 2620 702 2702 ίίχιυσε
714 2623 800 2703 φωνή.

310 2712 329 2751 *
350 2708 517 2787 integram
546 2709 744 2771 locutionem
769 2709 869 2772 habet
891 2707 1085 2773 Onosander
1100 2729 1174 2794 cap.
1204 2711 1249 2774 ix.
1278 2729 1312 2792 p.
1336 2707 1392 2772 42.

267 2797 543 2870 συμμεταβάλλουσι
568 2794 616 2855 καί
642 2794 695 2859 riis
709 2803 760 2858 τοῦ
773 2799 954 2879 περιέχοντος
977 2801 1053 2879 οίέρος
1079 2801 1171 2879 χύσιν.
1216 2796 1395 2860 Atheniens

261 2882 324 2944 lib.
348 2901 376 2943 ν’.
401 2899 471 2962 cap.
495 2879 527 2941 6.
552 2879 597 2943 nt
612 2881 665 2945 vvir
687 2888 737 2944 τοῦ
760 2885 942 2964 περιέχοντος
963 2885 1040 2964 οίὲρος
1055 2887 1210 2967 εὐκρασίαν.
1257 2881 1311 2946 Sic
1324 2880 1397 2946 Αὲν

224 3030 231 3046 ,
267 2968 355 3050 apud
367 2965 503 3029 Latinos
517 2985 648 3046 quoque
670 2985 754 3048 saepe
768 2968 941 3030 omittitur.
986 2967 1119 3032 Sueton.
1147 2971 1179 3030 in
1206 2967 1290 3049 Aug.
1316 2988 1392 3052 cap.

268 3051 322 3114 95.
345 3050 471 3136 liquido
487 3071 525 3115 υο
535 3069 619 3134 paro
633 3069 750 3115 sereno.
797 3049 922 3116 Plinius
938 3055 986 3118 iii.
1000 3073 1050 3136 ep.
1063 3056 1086 3116 i.
1098 3055 1125 3138 ξ.
1140 3057 1172 3118 8.
1217 3051 1259 3116 In
1271 3053 1347 3128 sole,
1362 3053 1402 3118 οἱ

269 3145 471 3210 contuente,
496 3135 764 3202 ambulatorium.
810 3135 971 3204 Horatius
986 3139 1045 3202 lib.
1070 3143 1092 3203 i.
1113 3139 1173 3202 Od.
1200 3141 1312 3203 xxxiv.
1333 3161 1398 3226 per

264 3241 385 3306 patrum
399 3230 540 3286 tonantes
555 3222 624 3306 egit
644 3241 749 3306 equos.
796 3223 952 3289 Soanas.
996 3224 1070 3289 Vid.
1086 3247 1158 3308 quae
1171 3228 1397 3308 congessimus

171 3389 177 3396 .
269 3309 305 3371 in
320 3307 485 3372 Meletem.
507 3305 625 3370 criti.
638 3328 673 3391 p.
689 3308 742 3371 38.
759 3329 806 3392 aq.
830 3309 982 3376 Senias.

725 3415 942 3480 *AeHNn

310 3496 348 3562 In
371 3502 545 3579 χρλκίοικος.
589 3497 650 3563 Est
674 3503 762 3564 enim
788 3504 957 3585 epitheton
991 3489 1163 3578 Mineruaess
1183 3523 1248 3568 non
1269 3509 1398 3592 templi.

269 3583 407 3649 Suidlta:
431 3590 597 3669 χαλκίοικος
610 3589 629 3652 ὁ
643 3585 760 3653 Ἀθηνᾶ
772 3590 798 3649 ἐν
813 3587 949 3674 Σπάρτῃ.
994 3587 1142 3654 AEh'ahus
1155 3593 1198 3656 V.
1218 3591 1262 3655 H.
1273 3595 1332 3657 lib.
1350 3596 1398 3658 ix.
1435 3619 1446 3658 .·

268 3690 340 3753 cap.
358 3669 410 3736 41.
435 3671 494 3735 ἐπεί
519 3670 683 3756 ὁὲῆνωρὸς
701 3680 740 3756 τῇ
761 3679 931 3762 χαλκιοίκῳ.
955 3695 982 3739 v.
1011 3673 1220 3741 Perizonium
1243 3679 1284 3743 tid
1311 3681 1352 3764 h.
1375 3683 1398 3744 1.

271 3755 388 3840 [plene
402 3756 638 3840 Aristophanes
654 3756 787 3839 Lysistr.
804 3781 834 3824 v.
852 3759 941 3824 12919.
957 3782 1006 3842 sq.
1018 3759 1142 3826 Kastra
1162 3767 1209 3828 τὸν
1231 3767 1402 3840 Ἀμύκλαις

271 3843 338 3917 σιὸν,
363 3841 426 3904 Καί
446 3849 611 3924 χαλκίοικον
626 3844 761 3909 Ἀσάναν.
787 3846 955 3932 Selinus]
1000 3846 1082 3912 Item
1099 3851 1132 3912 in
1146 3854 1267 3935 προναία
1278 3859 1312 3916 et·
1326 3879 1403 3940 ωρο-

269 3933 345 4001 mia,
367 3948 433 4008 quo
446 3933 641 4008 oognomine
658 3929 812 3996 Minerva
824 3931 964 4015 Delphis
989 3937 1078 3998 culta
1103 3937 1179 4010 fuit,
1204 3945 1240 4002 ut
1256 3946 1401 4004 testatur

270 4013 457 4079 Herodotus
469 4019 530 4080 lib.
545 4017 614 4080 viii.
631 4036 703 4098 cap.
721 4018 776 4082 37.
792 4025 826 4081 et
844 4019 898 4082 39.
916 4021 972 4083 ubi
987 4024 1163 4104 quinquies
1189 4024 1249 4087 hoc
1270 4027 1403 4107 epithe-

268 4107 329 4164 ton
353 4104 504 4165 occurrit.
550 4102 648 4166 Plena
675 4104 775 4168 habet
801 4103 1043 4189 Harpocration
1061 4106 1175 4172 Ἀθηνᾶ
1202 4115 1335 4194 epotata.
1368 4133 1400 4174 v.

270 4185 475 4252 Gronorinm
511 4188 554 4250 ad
588 4185 747 4252 Herodot.
777 4191 836 4254 lib.
865 4193 884 4258 i.
910 4213 980 4275 cap.
1005 4192 1058 4257 92.
1096 4192 1253 4258 Sonwaa.
1298 4195 1402 4262 Plene

269 4272 370 4336 habet
399 4275 478 4336 item
512 4273 684 4354 AEschplus
709 4273 845 4340 Eumen.
875 4299 901 4339 u.
927 4277 979 4343 21.
1032 4277 1163 4343 Παλλὰς
1190 4285 1318 4366 προναία.
1340 4285 1403 4348 ubi

271 4357 491 4431 scholiastes:
516 4359 587 4428 Χόὁ
603 4360 745 4436 Παλλυὶς,
758 4363 873 4444 Δελφοί
884 4389 919 4426 νιν
933 4365 980 4426 ‘lt’
991 4365 1109 4449 ἱδρύοντο
1122 4373 1265 4454 προνοίην.
1310 4367 1404 4434 Καλ-

269 4447 409 4528 λίμαχος.
452 4445 600 4535 (Fragor.
617 4445 1003 4538 Bentl.ecux.)Souaup.
1066 4511 1070 4520 ,
