3117 5175
272 442 333 507 aas
625 428 844 507 inmittit)
863 432 1071 507 1111111111.

201 702 204 707 ,
275 624 431 690 dentibus
444 624 683 710 supprimlmr3
706 641 768 709 pro
790 619 963 691 infinitivis
978 630 1089 691 autem
1103 618 1313 707 inejusmodi
1327 620 1417 687 locu·

275 713 424 777 tionibus
439 711 571 777 Grecos
584 712 774 795 frequenter
798 714 902 778 etiam
923 714 973 777 uti
993 712 1186 796 participiis.
1231 710 1309 783 Qua
1321 708 1364 775 de
1378 723 1418 775 ro

274 800 425 883 pluribus
440 802 512 881 agit
525 801 663 864 densius
677 797 766 864 lect.
781 796 861 863 Luc.
878 799 900 863 1.
917 796 948 863 7.
963 818 995 882 p.
1012 798 1066 863 72.
1081 818 1132 882 eq.

279 906 286 917 ·
318 884 414 951 Nibil
428 887 574 966 ambigo,
600 904 657 950 eos
672 888 775 968 etiam
791 888 914 967 lingere
928 888 1073 969 ellipses,
1094 887 1167 968 qui,
1188 884 1246 948 ubi
1262 880 1416 949 nomina-

273 970 336 1035 tivi
355 974 500 1036 absoluti
521 977 710 1047 occurrunt,
737 974 785 1036 ibi
809 973 921 1036 deesse
936 970 1073 1037 verbum
1097 971 1341 1037 substantivum
1362 968 1418 1033 dl·

272 1065 364 1121 cunt.
407 1056 566 1142 Exemplo
580 1060 626 1123 sit
639 1055 732 1124 loeus
746 1053 868 1123 1100100.
884 1060 921 1123 11.
942 1056 992 1122 lo.
1015 1058 1057 1122 Ar
1070 1060 1173 1145 ἡμέραι
1190 1060 1357 1142 ἐρχόμεναι,
1372 1052 1417 1119 ecl

271 1144 372 1207 dicre
386 1143 548 1213 10011010.
564 1146 586 1208 1.
601 1166 631 1209 0.-
647 1141 769 1233 futuro
785 1152 922 1231 tentpore
937 1142 1046 1210 omnio
1061 1142 1220 1211 obliuioni
1232 1142 1419 1209 trudantur.

271 1226 338 1293 Hic
351 1230 525 1296 substituit
540 1234 677 1295 verbum
692 1232 764 1299 dccv
778 1228 896 1297 lamb.
914 1228 994 1308 Bos,
1015 1236 1054 1296 ut
1066 1234 1132 1297 ait:
1157 1234 1188 1296 ci
1208 1232 1313 1316 ἡμέραι
1328 1230 1418 1315 iaia

270 1315 450 1390 0001000.
495 1316 604 1391 (10001
622 1319 878 1402 explicationem
902 1319 970 1383 scio
993 1316 1161 1383 duriorem
1180 1318 1419 1402 plerorumque

266 1404 395 1484 judicio
409 1424 494 1481 esse,
516 1417 617 1486 quam
630 1409 669 1469 ut
682 1407 790 1490 possit
804 1407 943 1489 placere.
987 1404 1029 1469 At
1042 1402 1146 1492 10100
1161 1406 1316 1491 ἐρχόμεναι
1335 1408 1419 1467 suut

270 1493 468 1557 nominativi
494 1491 650 1567 absoluti,
673 1510 731 1556 seu
757 1493 1010 1575 consequentia,
1033 1508 1094 1577 pro
1109 1492 1302 1575 01011μὲ000
1328 1496 1418 1574 mxc-

268 1580 371 1649 μένων.
423 1575 568 1651 Quidam
595 1578 725 1642 codices
750 1579 889 1651 habent,
912 1584 978 1642 ταῖς
999 1580 1118 1662 ἡμέραις
1140 1580 1205 1641 ταῖς
1229 1576 1417 1661 ἐρχομένω,
1543 1582 1544 1587 ’

269 1664 384 1727 mem
410 1681 523 1739 sensu,
557 1666 639 1749 quia
668 1662 795 1730 Graecia
824 1666 927 1731 etiam
951 1664 1054 1730 dativi
1081 1662 1323 1745 consequentiae
1346 1677 1419 1727 non

269 1756 348 1815 suut
362 1753 527 1816 inusitati.

311 1835 377 1900 Sed
390 1855 494 1920 quum
511 1835 655 1912 rideam,
679 1840 781 1903 etiam
806 1836 880 1902 Jac.
898 1834 1081 1910 Perizonli,
1107 1838 1171 1903 viri
1187 1840 1301 1900 nostra
1315 1833 1418 1900 lauda

266 1906 525 2006 bigemmes,
540 1926 743 1989 maalmam
758 1926 933 2000 inclinare,
950 1930 988 1988 ut
1004 1926 1038 1988 m
1055 1921 1336 2007 iilisparticipiis,
1352 1922 1415 2003 qui

231 2015 236 2030 “
266 2007 303 2071 in
317 2012 522 2076 nominativo
536 2013 685 2076 absolute
699 2014 772 2076 sine
786 2012 890 2076 verbo
908 2015 1088 2094 ponuntur,
1110 2014 1144 2073 et
1165 2026 1230 2093 pro
1254 2008 1415 2092 genisius

266 2096 441 2172 absolutis,
465 2104 578 2163 nostra
592 2100 726 2183 quidem
738 2100 913 2172 sententia,
929 2098 1142 2170 adhibentur,
1158 2100 1254 2179 putet
1268 2096 1413 2179 intelligi

264 2184 402 2252 verbum
428 2187 671 2250 substantivum
697 2196 821 2269 posse:
840 2187 938 2267 juvat
959 2185 1103 2248 breviter
1117 2199 1294 2267 exponere,
1316 2200 1374 2245 cur
1389 2197 1416 2247 a

265 2271 362 2335 nobis
378 2275 558 2355 impetrare
578 2290 794 2355 nequeamus,
820 2279 858 2335 ut
885 2273 976 2337 illam
999 2271 1201 2334 sententiam
1218 2269 1414 2353 probemus.

266 2353 321 2420 Ne
333 2361 408 2441 quis
425 2359 530 2440 igitur
543 2362 668 2423 temere
681 2378 703 2422 a
722 2360 827 2423 tantis
842 2360 922 2422 viris
946 2376 1006 2421 nos
1028 2356 1205 2421 dissentire
1226 2356 1412 2431 existimet,

265 2458 331 2524 age
344 2447 459 2530 paucis
472 2446 599 2529 accipe,
614 2446 726 2519 lector,
747 2446 869 2527 quibus
882 2445 1095 2529 potissimum
1110 2443 1296 2507 rationibus
1309 2440 1413 2505 confla

265 2527 394 2598 dantus.
438 2528 600 2607 Primum,
626 2530 904 2616 quemadmodum
926 2532 1044 2616 optimi
1070 2527 1258 2594 Graecorum
1273 2530 1414 2613 scripto*

264 2635 337 2680 rum
352 2637 418 2683 non
433 2620 613 2685 abhorrent
635 2639 656 2684 a
673 2620 796 2684 dativis
811 2623 845 2683 et
860 2619 1058 2683 accusativis
1073 2617 1253 2682 absolutis:
1274 2609 1323 2680 ilc
1347 2623 1413 2681 trec

264 2705 487 2772 nominativos
500 2707 668 2770 absolutos
683 2707 782 2787 genio
798 2703 923 2770 Graece
936 2707 1059 2787 lingue
1074 2719 1270 2788 repugnare,
1281 2703 1412 2768 certum

265 2789 434 2857 babemus.
480 2791 561 2867 Que
578 2795 681 2866 euim,
696 2808 819 2874 quaeso,
833 2793 953 2856 idonea
966 2791 1053 2856 ratic
1069 2796 1168 2866 esset,
1182 2809 1242 2854 cur
1256 2792 1332 2876 quis
1347 2789 1413 2853 da·
1543 2837 1544 2842 1

261 2878 348 2943 tivos
363 2886 397 2945 et
412 2880 627 2946 accusativos·
639 2880 893 2962 consequentia,
908 2897 973 2944 non
989 2882 1100 2944 autem
1116 2878 1337 2942 nominativos
1349 2875 1413 2940 sd-
1543 2877 1544 2920 ³

263 2965 436 3032 mitteret!
477 2963 561 3031 Dari
577 2972 688 3031 autem
703 2968 800 3041 tales,
816 2977 887 3031 tam
901 2967 1041 3040 dativos,
1063 2983 1163 3044 quem
1186 2965 1412 3040 accusativos,

263 3053 409 3120 ostendit
424 3053 576 3138 Sylburg.
592 3053 635 3117 ad
650 3053 792 3118 Pausan.
806 3071 841 3138 p.
858 3051 935 3127 930,
950 3051 1026 3117 931.
1071 3049 1173 3116 Exem
1197 3052 1230 3115 la
1244 3049 1412 3114 10000011·

260 3150 377 3204 nomm
393 3142 638 3223 consequentiae
651 3141 752 3206 babes
767 3141 870 3204 etiam
885 3139 974 3224 apud
987 3137 1137 3223 Xenoph.
1151 3142 1160 3162 ¹
1193 3135 1409 3212 0001000011.

261 3223 381 3310 011.
400 3225 449 3291 13.
472 3230 546 3291 010.
560 3227 595 3291 o.
617 3227 647 3310 ᾖ.
661 3227 695 3291 3.
719 3225 806 3299 Quid
819 3227 848 3290 si
864 3225 1058 3308 quisdicat,
1074 3227 1108 3289 in
1123 3221 1411 3289 accusativls‘illis

262 3312 424 3378 absolutis
443 3312 706 3377 subaudiendum
720 3328 793 3378 esse
806 3309 963 3388 cabirus,
989 3311 1041 3377 vel
1064 3309 1182 3387 μαθὼν,
1204 3313 1265 3374 aut
1287 3308 1411 3384 slidesa,

261 3401 313 3462 vel
330 3398 431 3463 elidet
451 3398 488 3464 ld
503 3401 532 3462 sl
548 3399 649 3474 dicat,
670 3417 739 3463 nou
753 3399 859 3463 solum
874 3400 974 3464 istam
989 3399 1124 3483 ellipsin
1147 3397 1302 3461 omnibus
1322 3395 1410 3459 locis
1543 3451 1544 3462 ,

260 3487 436 3550 1000011110
448 3485 657 3568 negabimus,
677 3503 793 3550 verum
817 3487 915 3550 etiam
940 3485 1072 3550 dativus
1090 3481 1333 3566 consequentiae
1346 3491 1410 3545 ur·

261 3573 426 3652 gebimus,
442 3574 507 3637 nisi
523 3575 587 3650 cui,
611 3573 711 3637 etiam
734 3574 770 3636 iu
787 3573 839 3636 his
853 3571 986 3656 ellipsin
1001 3574 1163 3654 aliquam,
1180 3589 1212 3632 v.
1228 3591 1257 3635 0.
1274 3585 1409 3653 praepo-

261 3655 465 3733 sidoniensis,
480 3659 674 3742 contingere,
700 3657 737 3724 10
753 3662 896 3724 mentem
909 3659 1032 3724 veniat.
1070 3652 1209 3731 Verum,
1230 3659 1269 3720 ut
1282 3655 1410 3720 liberu-

261 3741 339 3808 liter
361 3764 512 3828 concrum,
534 3747 683 3810 novimus
712 3762 839 3820 omnes,
869 3764 937 3828 qua
961 3748 1028 3810 sint
1055 3746 1142 3810 iuter
1166 3743 1407 3826 grammaticos

171 3868 174 3872 ι
259 3833 457 3897 auctoritate
473 3831 667 3916 Sylburgius
682 3835 716 3898 et
731 3831 902 3906 Kuaterus‚
925 3851 1065 3916 quorum
1088 3836 1206 3896 neuter
1220 3829 1406 3894 nominati*

259 3933 317 3981 vos
330 3921 571 4002 consequentiae
587 3919 761 3984 admittere
786 3919 929 3984 dubitat.
973 3917 1034 3983 lile
1057 3917 1228 3982 nobiscum
1243 3917 1343 3981 sentit
1356 3915 1407 3982 od

260 3999 403 4070 Pausan.
420 4006 521 4072 Attic.
548 4028 575 4071 c.
596 4005 644 4072 14.
668 4025 702 4090 p.
717 4005 771 4070 35.
795 4006 849 4072 hic'
863 4025 942 4070 vero
956 4006 997 4070 ad
1012 4005 1182 4089 Aristophc
1210 4001 1297 4068 Plut.
1321 3999 1401 4065 277.

260 4086 364 4156 Porro
376 4088 535 4158 Ilustevus
549 4112 586 4157 se
599 4111 639 4157 ea
653 4095 688 4157 iu
702 4109 738 4158 re
752 4095 836 4159 alios
849 4092 1124 4177 locupletissimos
1138 4097 1288 4156 sumeres
1301 4085 1403 4170 sequi

258 4180 416 4255 ostendit,
438 4178 639 4245 Scholiastss
664 4179 839 4265 Sophoclis
864 4184 899 4243 01
926 4177 1172 4262 Aristophanis,
1202 4176 1339 4240 Suidam
1363 4181 1407 4240 et
1543 4191 1544 4196 ’

259 4259 456 4332 Corinthum
476 4266 517 4329 de
541 4266 682 4331 dialecto
696 4267 821 4332 Attica.
867 4263 931 4330 His
946 4267 1084 4339 accedit,
1107 4265 1230 4327 multos
1254 4262 1402 4327 inveniri

259 4353 421 4432 ejusmodi
451 4353 684 4431 nominativos,
717 4353 802 4436 quo's
832 4355 989 4418 vocabulo
1016 4351 1240 4434 grammaticis
1271 4347 1401 4412 dudunt

258 4436 418 4504 familiari
433 4440 602 4504 absolutos
616 4458 709 4515 vooo,
732 4455 827 4522 quos,
850 4439 878 4502 ai
893 4439 970 4522 quls
984 4456 1044 4522 per
1059 4437 1193 4524 ellipsin
1208 4435 1302 4500 verbi
1319 4435 1401 4498 sub·

257 4527 393 4590 stantivi
409 4527 619 4611 explicandos
630 4532 741 4610 putat,
763 4529 793 4590 is
807 4525 896 4591 nulla
911 4527 1039 4590 vatione
1061 4543 1097 4590 se
1115 4523 1329 4607 expediturus
1349 4521 1401 4584 vl*

255 4609 363 4675 detur.
416 4613 470 4697 Ap
516 4633 593 4678 uam
622 4615 729 4677 locum
760 4611 904 4695 Polymnii
928 4613 964 4676 11.
994 4633 1024 4677 0.
1053 4611 1084 4675 3.
1108 4613 1142 4674 10
1165 4607 1402 4692 Epaminonda

256 4707 290 4763 n.
312 4697 361 4764 13.
376 4701 402 4764 ot
416 4697 445 4766 11
458 4633 707 4788 (ἓωίυοῐιᾰω
722 4700 862 4786 milites)
875 4697 913 4763 αὖ
927 4699 1005 4764 κατὰ
1021 4699 1055 4764 ab
1074 4699 1160 4776 clos
1181 4694 1279 4762 00110
1303 4691 1398 4770 ὅντες,
