3117 5175
416 531 417 536 .
450 451 497 524 ΙΝ
517 455 669 525 timon
689 451 861 524 LINGUA.
1150 451 1212 525 177

86 623 206 708 inedia,
227 629 267 693 ut
290 647 392 713 quum
415 625 536 716 peut.
560 608 669 698 inhia
683 631 799 713 Odyss.
825 627 866 692 o,
889 625 946 694 35.
970 619 1052 692 ottt
1077 624 1210 716 τραπέζῃ

87 707 114 772 Γ
114 713 200 778 νύτην
214 716 364 798 attritos,
387 717 434 782 set
449 719 590 801 intelligi
605 719 732 794 volunt,
752 717 810 781 ubi
825 715 956 802 τραπέζῃ
971 712 1135 798 ablativus
1147 724 1212 794 est,
1296 761 1301 771 ·

81 815 299 882 permeruam.

125 881 217 950 Alter
226 887 330 955 dativi
348 909 441 963 usus,
462 891 519 971 qui
533 889 631 955 facile
644 890 748 954 rideri
762 895 872 974 potest
884 890 1050 972 ellipticus
1071 905 1156 962 ease,
1177 887 1213 952 in

87 967 146 1034 hac
170 972 313 1040 formula
334 983 397 1052 est,
420 981 590 1040 αὐτοῖστοῖς
612 977 708 1040 ἵπποις
732 972 1028 1059 κατακρημνισθῆναι,
1048 974 1138 1059 quod
1164 979 1215 1038 eet

85 1059 341 1148 unccumepais.
386 1061 451 1137 Qui
467 1062 584 1126 modus
605 1061 759 1143 loquendi
788 1064 923 1127 haberet
938 1080 1028 1142 sane,
1051 1060 1141 1146 quod
1169 1059 1214 1124 ad
1253 1067 1257 1074 '

86 1143 216 1226 ellipsin
244 1149 420 1230 confugere
456 1165 515 1211 nos
550 1153 695 1230 cogeret,
731 1149 794 1212 nisi
823 1149 992 1212 commode
1017 1150 1113 1231 origo
1142 1147 1216 1229 ejus

85 1235 195 1312 posset
216 1233 365 1299 indicari.
411 1232 510 1308 Nam,
530 1240 569 1298 ut
596 1237 711 1320 paucis
732 1236 941 1317 complectar,
964 1234 999 1300 hi
1021 1253 1087 1298 non
1109 1232 1216 1298 dativi

57 1319 60 1330 '
87 1321 177 1389 sunt,
199 1319 255 1382 sed
269 1321 426 1386 ablativi:
449 1320 572 1403 quibus
583 1323 639 1385 vix
652 1320 797 1384 dubitari
811 1327 934 1405 potest,
954 1319 1036 1401 quin
1055 1321 1154 1384 initio
1168 1319 1217 1383 sic

86 1403 138 1466 usi
149 1402 285 1479 inerint,
303 1399 341 1471 ut
354 1414 442 1472 recte
464 1407 554 1472 locus
568 1414 654 1473 esset
668 1400 826 1472 ablativo.
870 1403 924 1472 lta
938 1402 1105 1472 Homerus
1119 1403 1217 1470 Iliad.

88 1485 128 1551 Ψ.
152 1489 181 1552 8.
204 1489 295 1553 Ἀλλ’
328 1498 426 1557 αὐτοῖς
445 1493 553 1556 immor
588 1494 636 1557 ccci
658 1493 780 1578 ripuaria
812 1490 894 1556 ἆσσον
925 1495 1012 1557 ἰόντες
1041 1491 1218 1578 Πάτροκλον

86 1576 245 1652 κλαίωμεν,
259 1579 290 1642 i.
307 1599 335 1642 a.
359 1577 439 1666 ipsis
455 1577 548 1666 equis
566 1587 598 1645 et
611 1577 912 1653 cccccccedentes,
933 1580 991 1643 ubi
1006 1580 1081 1660 equi
1097 1586 1131 1643 et
1145 1596 1218 1643 cur·

86 1679 142 1723 rus
166 1667 337 1744 tamquam
362 1667 589 1740 instnrmenta,
615 1685 753 1750 quorum
781 1667 907 1730 auxilio
930 1665 1149 1731 accedendum
1171 1664 1220 1727 sit

86 1747 131 1809 ad
160 1767 286 1831 rogum,
312 1760 618 1818 commemorantur.
661 1752 727 1816 Sed
747 1753 863 1815 eadem
889 1771 940 1816 res
974 1771 1078 1835 quum
1115 1751 1221 1815 etiam

85 1834 136 1896 sic
152 1843 260 1899 mente
284 1841 413 1923 concipi
438 1846 561 1922 posset,
582 1860 622 1906 ac
637 1841 664 1903 ei
680 1839 781 1902 verba
795 1840 861 1903 ista
874 1857 945 1902 cum
958 1836 1049 1924 cquis
1072 1846 1105 1903 et
1126 1839 1293 1908 cartaldo

85 1920 325 2022 significarent,
347 1925 473 1990 iactum
505 1932 554 1990 est
575 1926 763 2010 paullatim,
800 1931 838 1989 ut
859 1927 1009 2006 neglecto
1030 1923 1220 1993 discrimine

86 2005 143 2068 isti
166 2007 303 2073 ablativi
325 2014 428 2076 etiam
449 2011 496 2075 ibi
518 2017 767 2094 usurparentur,
804 2011 861 2075 ubi
895 2012 1106 2076 instrumenti
1129 2010 1223 2074 notio

86 2093 201 2156 aliena
215 2103 314 2168 estet,
337 2105 376 2162 ut
389 2097 483 2162 liiad.
506 2097 551 2162 Θ.
577 2096 651 2161 289.
674 2095 791 2186 Πρώτῳ
803 2122 845 2159 τοι
865 2100 932 2170 μετ’
947 2098 1001 2171 ἐμὲ
1013 2096 1169 2182 πρεσβήϊον
1195 2098 1224 2160 ὲν

86 2177 159 2260 χὲρῖ
181 2176 274 2255 ilco,
289 2179 340 2244 *H
362 2183 484 2269 τρίποδ’,
505 2186 538 2250 it
564 2182 620 2246 δύο)
641 2183 746 2246 ‘lemos
770 2187 893 2246 αὐτοῖσιν
913 2181 1043 2263 1ὄχεσφιν.
1088 2181 1155 2244 Sed
1179 2179 1224 2245 ad

86 2263 177 2374 hapa
199 2265 350 2347 loquendi
376 2271 537 2334 rationem
560 2272 695 2334 minime
717 2269 880 2332 trahenda
900 2274 978 2332 sunt
992 2268 1088 2341 talia,
1109 2271 1224 2368 utatis·

86 2361 521 2524 scarlatano
541 2352 1227 2524 .rutluu;:uuurit,titt

85 2521 111 2584 li
141 2523 196 2586 sin
211 2527 424 2601 existimavit,
446 2529 622 2592 admonere
636 2533 725 2593 certe
739 2545 781 2589 es
797 2525 838 2591 de
860 2544 896 2586 re
910 2526 1066 2590 lectorem
1075 2523 1226 2590 debebat.

130 2614 139 2671 i
157 2609 290 2690 quidem
311 2622 424 2697 aperte
445 2620 522 2683 sunt
536 2615 685 2678 ablativi.
730 2610 808 2675 Non
834 2612 942 2692 magis
967 2612 1003 2673 in
1026 2613 1086 2677 hoc
1101 2610 1228 2677 Aristo·

86 2696 217 2779 phanis
231 2716 339 2772 versu,
355 2697 443 2764 Nub.
459 2698 535 2763 271.
557 2696 630 2761 Εὸτ’
650 2698 795 2761 Ὠκεανοῦ
809 2696 918 2781 πατρὸς
933 2700 960 2761 ὲν
974 2696 1076 2765 alcon
1089 2697 1157 2781 ἱερὸν
1171 2724 1229 2779 χο-

88 2781 136 2866 ρδν
162 2784 265 2847 ἰ’στατε
280 2789 415 2865 νύμφαις,
436 2787 562 2867 ellipsis
587 2790 645 2858 est,
670 2784 728 2847 sed
753 2788 875 2865 νύμφαις
889 2783 998 2847 nudus
1023 2791 1074 2849 est
1087 2784 1230 2857 dativus,

86 2872 193 2951 isque
206 2872 344 2953 propria
362 2872 426 2933 sibi
453 2872 710 2951 significatione:
736 2866 896 2956 nymphis,
920 2871 941 2934 i.
955 2888 985 2935 e.
1013 2888 1120 2935 coram
1141 2889 1231 2957 cym-

80 2954 182 3042 pln's,
196 2952 234 3019 ic
248 2954 575 3043 eurumquelrcccrem
589 2954 708 3021 cunas
721 2953 840 3022 odoros.

455 3106 514 3175 XI.
537 3107 589 3174 De
609 3106 672 3174 Usu
686 3106 877 3175 Aceruntini.

137 3220 305 3288 Venimus
319 3222 460 3305 denique
472 3222 516 3285 ud
530 3225 766 3297 accusativum,
795 3223 830 3285 in
852 3240 921 3304 quo
935 3222 1133 3304 explicando
1147 3222 1237 3288 hand
1307 3218 1314 3229 “

86 3312 209 3375 multo
224 3309 396 3392 pauciores
411 3308 544 3393 ellipses
565 3310 759 3391 excogitatae
780 3312 871 3381 aunt,
896 3326 998 3391 quam
1017 3309 1052 3373 in
1076 3310 1236 3391 genitivo.

87 3397 162 3463 His
179 3414 312 3477 quoque
325 3413 436 3459 carere
448 3404 621 3478 possumus
643 3396 807 3473 omnibus,
830 3394 928 3475 idque
941 3395 1114 3474 facillime,
1134 3416 1238 3479 quum

86 3488 200 3567 longe
216 3483 326 3545 minus
341 3482 545 3546 difficultatis
560 3482 595 3544 in
610 3484 808 3554 accusativo,
828 3499 928 3562 quam
944 3482 979 3544 in
994 3484 1153 3562 genitivo,
1179 3487 1237 3549 alt.
1248 3473 1307 3549 lto

88 3568 223 3634 Omnis
238 3568 309 3648 ejus
321 3586 414 3643 usus,
429 3571 486 3651 qui
503 3566 636 3650 quidem
652 3568 705 3632 hic
719 3566 976 3633 considerandus
991 3569 1049 3642 sit,
1071 3568 1155 3633 duas
1179 3568 1239 3635 ha·

85 3658 152 3721 bet
169 3656 309 3719 formas.

139 3740 281 3807 Harum
295 3742 405 3823 prima
419 3741 453 3804 in
477 3740 696 3823 permixtione
711 3742 822 3825 posita
846 3746 898 3804 est
919 3739 1060 3804 duarum
1075 3742 1241 3823 loquutio-

87 3850 197 3902 num,
233 3844 306 3907 quae
327 3828 412 3891 ratic
437 3834 531 3909 patet
560 3827 728 3891 latissime.
786 3824 946 3908 Exempla
974 3830 1241 3893 commemorabi·

87 3936 173 3979 mus
191 3912 324 3993 aliquot
338 3933 357 3975 e
373 3910 463 3977 Bosii
490 3914 593 3977 libro:
617 3912 713 3995 σνηδᾷν
726 3911 827 3987 πεδία,
848 3909 988 3994 ’ἔρχεσθαι
1001 3916 1124 3988 κλισίην,
1145 3913 1241 3980 ἄλλην

87 4000 205 4085 χθόνα
221 4000 357 4072 ἀποίσειν,
379 3998 470 4084 καιρὸν
484 3999 607 4080 ἐφηκεις,
629 4003 809 4081 προπέμπειν
833 3996 905 4073 ὁδον,
927 4003 1026 4066 στῆνιιι
1054 4004 1183 4084 crta-par:
1206 4019 1241 4065 ν.

88 4108 128 4171 p.
146 4082 323 4149 421424
343 4082 418 4149 425.
435 4082 508 4147 426.
523 4084 598 4149 427.
613 4082 688 4147 447.
705 4084 781 4149 449.
826 4081 864 4148 In
885 4086 1098 4151 hisomnibus
1111 4102 1244 4150 accusa·

86 4175 195 4239 tivus
213 4190 235 4233 e
249 4173 346 4235 verbo
360 4170 479 4254 pendet
493 4188 646 4257 occupare
655 4171 704 4234 vel
716 4168 855 4235 obtinere
868 4173 1087 4253 significante,
1102 4189 1244 4257 proquo

87 4260 250 4325 verbum
265 4260 398 4339 ponitur
412 4257 545 4321 modum
569 4258 724 4337 indicans,
748 4270 815 4337 quo
836 4260 910 4339 quis
940 4260 1031 4323 locus
1053 4267 1245 4340 occupetur.

85 4344 181 4416 Non
201 4342 336 4409 diversa
353 4351 432 4409 aunt
449 4344 492 4406 ab
512 4342 573 4407 hcc
595 4362 714 4425 genera
741 4344 810 4409 haec
831 4346 1001 4427 exempla:
1024 4342 1096 4426 ἔργα
1116 4346 1244 4454 φαίην,
1330 4346 1336 4357 '

86 4426 266 4499 αἰτιᾶσθαί
289 4432 352 4494 τινά
379 4455 418 4508 τι,
441 4425 616 4514 ἐργάζεσθαί
641 4456 703 4493 τινα
725 4431 814 4504 κακὰ,
835 4428 969 4515 χρῆσθαί
988 4430 1043 4489 τινί
1062 4453 1102 4507 τι,
1125 4432 1247 4495 actm»

42 4518 46 4613 ,
84 4524 237 4597 ὕμνηται,
253 4516 297 4580 τίς
311 4513 344 4580 ἂν
358 4514 427 4578 τάδε
441 4510 605 4591 γηθήσειεν,
619 4512 653 4583 ἣν
668 4522 753 4579 τοῦτο
768 4512 887 4625 νικηθῇς
900 4518 984 4590 ἐμοῦ,
998 4511 1047 4575 δύο
1060 4518 1135 4599 με’φη
1150 4542 1179 4579 τι
1193 4516 1248 4581 tc·

81 4612 173 4679 λεῖν,
191 4605 354 4689 προτρέπον
365 4626 394 4665 σε
409 4608 520 4676 τοῦτο,
544 4596 616 4665 εἶδος
628 4603 795 4682 κάλλιστος,
814 4605 904 4666 σαντ’
921 4600 1101 4675 εὐδαιμονεῖν,
1122 4600 1157 4665 ci
1169 4606 1249 4678 γένος

83 4689 279 4783 Λαριτοαίιι
292 4687 339 4770 tr,
365 4688 474 4777 εἰρήνης
486 4688 793 4777 umectantemque
805 4692 911 4765 μῆνας,
937 4687 1089 4840 ὅντιῃζι
1109 4688 1250 4790 ,negans
