3117 5175
616 425 837 489 ISAGOGE.
1264 417 1289 483 5
1383 521 1386 529 ‚

161 585 310 667 plurimis
326 591 435 658 verbis
459 594 539 660 item
559 601 694 660 eventus
713 600 748 659 et
770 583 918 660 actiones
936 588 980 658 'ad
1000 609 1057 655 eas
1077 591 1285 674 pertinentes
1335 580 1337 583 ’

159 673 434 828 iutuitu
459 682 611 830 dasle
701 681 979 832 parituris
1223 677 1287 824 rt

159 847 258 925 pulus
272 806 374 929 ibitis
389 789 590 937 &lingua
607 788 743 933 ioqiibns
766 783 1108 932 gnarugsaesse’debetg
1117 807 1193 914 cuni
1213 829 1289 931 pbi-

157 931 317 1014 losopbiae
345 943 379 999 et
402 940 538 1021 reliquae
560 940 717 1004 doctrinae
750 936 907 1016 liberalis,
935 945 1007 1002 tum
1036 935 1159 1000 artium
1180 934 1292 998 uaria·

158 1035 246 1090 rum,
269 1020 326 1083 sed
349 1026 491 1088 maxime
519 1028 642 1089 artium
666 1024 794 1088 dicendi
821 1031 856 1088 et
884 1021 1061 1098 scribendi,
1086 1022 1136 1085 ita
1154 1026 1204 1097 ut,
1228 1019 1288 1100 qui
1336 1049 1339 1055 ·
1447 1011 1449 1014 ’

158 1105 324 1186 sapientes
355 1108 423 1172 hoc.
444 1111 482 1174 in
508 1113 630 1194 populo
649 1111 866 1193 appellentur,
894 1109 937 1173 ad
965 1127 1041 1172 eum
1071 1106 1290 1190 perfectionis
1417 1170 1419 1173 ,

158 1189 296 1336 tgradum
309 1199 516 1270 accesserint,
538 1197 579 1260 ad
593 1215 691 1279 quem
713 1196 854 1260 hominis
868 1203 988 1262 natura
1008 1195 1098 1260 facta
1109 1210 1183 1258 esse
1200 1190 1304 1258 vide·.

174 1295 229 1338 ur:
292 1335 295 1342 ,
1247 1320 1269 1329 s·
1301 1319 1304 1323 ›

202 1362 233 1444 ᾖ.
255 1361 287 1428 3.
310 1361 348 1428 ln
363 1367 422 1430 tali
446 1388 524 1450 ergo
545 1369 661 1451 lingua
707 1367 884 1434 leouauuus
903 1375 951 1432 est
975 1363 1139 1430 cuborum
1152 1362 1198 1429 ud
1217 1384 1287 1430 sera

159 1446 293 1513 tentiam
312 1471 373 1536 pro
388 1389 798 1543 captupopsdaripiiuam,
816 1450 1009 1520 reduddum
1025 1471 1083 1516 uec
1090 1449 1190 1537 plane
1201 1449 1290 1537 poli·

74 1537 79 1548 '
159 1539 238 1608 tam,
269 1535 415 1616 accesso,
445 1561 514 1626 qua
535 1541 629 1606 umbo
658 1540 754 1628 qrccsi
776 1537 1052 1627 supervacaneas·
1133 1558 1166 1602 os
1188 1535 1289 1637 offen-

159 1617 255 1692 dunt,
266 1621 382 1718 petibus
402 1633 507 1702 tamea
526 1626 692 1693 recondita
715 1627 855 1714 pradum
872 1625 1000 1692 ratione
1018 1644 1038 1687 o
1089 1621 1291 1688 dialecticam

158 1704 371 1772 subtilitatem
392 1710 442 1774 vet
460 1714 525 1776 uim
549 1713 592 1776 ad
611 1714 801 1780 movendum
820 1730 1008 1800 qrtocuuque
1023 1707 1123 1774 modo
1144 1708 1291 1774 animum

158 1789 281 1877 accipit
307 1795 475 1862 sententia.
536 1797 633 1864 Hanc
659 1800 881 1864 definitionem
909 1799 1024 1883 paucis
1059 1796 1302 1860 illustrandam*

158 1883 253 1957 puto.
310 1879 525 1959 Sententiam,
550 1905 623 1966 quae
649 1886 836 1968 pleonasmo
867 1905 929 1949 suo
950 1904 1015 1948 non
1037 1883 1198 1946 instructa
1226 1887 1293 1954 est,

158 1961 229 2024 dixi
246 1962 386 2048 plenam,
401 1969 457 2032 sed
477 1992 539 2057 pro
553 1983 649 2056 captu
667 1969 833 2057 populari.
878 1969 967 2037 Nam
992 1970 1090 2033 homo
1103 1967 1145 2031 de
1165 1966 1294 2051 populo
1356 2002 1361 2007 -

159 2048 261 2110 talem
284 2056 479 2118 sententiam
504 2060 667 2138 integram
683 2063 792 2142 putet,
809 2076 912 2137 neque
929 2056 1110 2137 quidquam
1123 2055 1159 2116 in
1174 2071 1215 2115 ea
1237 2052 1300 2114 de··

161 2132 291 2207 sidereti
313 2140 467 2213 quoniam
493 2143 593 2206 verba
623 2145 738 2208 relicta
766 2143 931 2208 sufficiunt
955 2143 1096 2205 adeam
1123 2145 1299 2218 utcunque⁴

161 2217 418 2300 intelligendam.
465 2227 537 2290 ,Sed
566 2231 593 2292 si
632 2231 841 2310 pleonasmus
884 2233 1028 2291 remotus
1059 2225 1219 2307 spectavit
1250 2222 1299 2285 ad

85 2382 88 2392 ,
161 2305 380 2369 subtilitatem
398 2309 615 2384 dialecticam,
632 2322 723 2378 uteo
747 2313 872 2392 aliquid
898 2313 1006 2392 magis
1019 2311 1221 2383 definiretur,
1235 2313 1298 2371 aut

161 2392 268 2470 magis
284 2393 338 2454 ad
364 2411 473 2456 veram
496 2396 542 2456 rei
577 2400 736 2462 rationem
762 2405 1021 2480 componeretur,
1043 2396 1207 2459 sententia
1224 2394 1298 2475 jam

162 2483 214 2540 est
233 2495 367 2542 manca:
392 2479 530 2558 ideoque
554 2479 622 2542 dixi
649 2501 723 2546 eam
743 2503 809 2547 aaa
833 2482 932 2568 mane
951 2479 1101 2567 potitam,
1132 2480 1201 2544 sive
1230 2497 1299 2542 non

163 2579 299 2644 prorsus
325 2563 519 2629 absolutam.
571 2563 631 2629 Sin
648 2567 703 2632 ille
724 2571 806 2642 uim,
821 2586 921 2649 quem
943 2572 1073 2639 vocant,
1094 2564 1300 2631 aestheticam
1357 2565 1365 2582 ⁴

165 2648 297 2723 habuit,
320 2653 485 2714 sententia
503 2653 573 2731 jam
599 2654 699 2724 nimis
721 2654 862 2736 simplex
883 2660 931 2725 et,
945 2660 983 2717 ut
1008 2652 1093 2725 dixi,
1106 2650 1207 2730 nudo,
1230 2652 1301 2719 sive

165 2741 290 2802 ornatu
309 2739 490 2801 necessario
514 2738 658 2817 spoliata
679 2756 811 2806 molere
840 2739 989 2801 animum
1014 2757 1066 2812 eo,
1094 2736 1161 2818 qiua
1190 2737 1304 2817 debet,¹

164 2821 263 2883 modo
287 2841 353 2886 non
371 2828 488 2906 potest.
533 2820 720 2895 Tardiores,
745 2829 779 2885 et
803 2824 953 2887 homines
975 2822 1142 2903 devulgo,
1164 2822 1199 2885 id
1213 2843 1300 2904 agre

96 2976 100 2983 ,
168 2909 326 2971 sentiunt.
381 2906 533 2971 Hancob
555 2928 686 2973 causum
713 2909 795 2986 dixi,
825 2909 911 2973 sicut
933 2908 969 2970 in
997 2908 1173 2971 dialectica
1192 2916 1300 2990 parte,

166 2992 217 3055 ita
247 2996 281 3057 in
306 2994 365 3056 hac
388 2996 436 3057 vel
462 2996 608 3059 oratoria
639 2994 854 3077 velpoiitica,
885 2996 1114 3095 pleonasmum
1136 2992 1302 3062 cernuus

166 3076 308 3161 quadam
326 3078 450 3168 ratione
474 3082 599 3161 aliquid
619 3081 770 3144 conferre
784 3081 825 3143 ad
838 3097 985 3144 animum
1007 3080 1121 3159 atiquo
1142 3082 1301 3166 motuni,-

166 3164 363 3229 liclendum:
386 3173 488 3248 atque
512 3168 561 3229 ita
586 3186 650 3230 non
673 3186 714 3230 ex
738 3186 777 3230 eo
799 3167 987 3250 appellatus
1009 3164 1190 3238 uidebitur,
1211 3168 1309 3247 quod-

161 3254 251 3313 srlls'or
276 3260 327 3315 τοῦ
353 3250 459 3315 δέοντος
494 3254 624 3328 afferat,
657 3254 713 3316 sed
745 3254 831 3333 quod
863 3256 954 3314 anta
980 3257 1032 3315 τοῦ
1060 3255 1300 3324 ἀναγκαιοτάτου.
1390 3258 1397 3289 ¹

161 3332 323 3401 Definitio
347 3340 518 3421 proposita
543 3358 607 3402 non
631 3338 786 3403 dissentit
807 3339 850 3401 ab
871 3356 934 3400 usu
956 3336 1189 3417 magistrorum
1212 3345 1300 3401 uete-

160 3442 249 3486 rum.
296 3422 418 3503 Aquila
436 3421 606 3506 Romanus
630 3426 670 3488 de
695 3426 885 3507 pleonasmo
906 3424 943 3485 ii.
969 3421 1023 3485 22.
1044 3424 1115 3486 sic:
1140 3431 1163 3460 “
1181 3418 1297 3489 Neces-

166 3514 194 3545 “
215 3507 320 3571 sarius
340 3507 562 3594 liujusfigurae
583 3530 661 3575 usus
680 3509 717 3574 iu
738 3532 775 3576 eo
800 3518 859 3583 est,
885 3517 921 3572 ut
941 3505 1036 3571 uerba
1058 3505 1188 3593 quidem
1208 3508 1297 3595 adji-

165 3602 191 3632 “
217 3593 339 3659 ciamus
359 3615 424 3659 uou
445 3608 511 3659 tam
542 3595 820 3673 enuntiandam
849 3591 1037 3681 necesaria,
1068 3612 1176 3678 quarm
1198 3603 1236 3659 ut
1256 3618 1301 3663 eu

166 3684 191 3717 “
215 3678 267 3743 luis
280 3680 484 3764 magnitudo,
507 3682 554 3745 cet
572 3681 729 3768 dignitas,
751 3681 802 3746 uel
813 3679 945 3760 morulis
964 3677 1076 3764 aliqua
1102 3682 1300 3748 ammenta·

165 3774 192 3803 “
218 3764 288 3838 tio,
312 3776 369 3829 aut
393 3764 533 3863 denique
563 3768 681 3855 specics
708 3778 839 3835 motura
853 3765 1002 3853 judicem
1027 3763 1295 3851 circumponatur.

164 3860 192 3889 ‘⁴
216 3850 387 3935 Alioquin,
403 3851 434 3915 si
447 3852 646 3917 criticorum
668 3853 797 3918 additio
810 3851 899 3917 verbi
919 3848 1044 3938 efficiet,
1064 3849 1186 3916 uitiosa
1202 3853 1298 3918 erit.''

159 3936 228 4000 Sed
251 3938 319 4002 haec
343 3938 517 4002 hactenus:
540 3960 615 4022 quae
630 3942 711 4003 satis
725 3942 814 4005 clare
832 3940 934 4003 etiam
958 3938 1150 4012 ostendunt,
1165 3958 1226 4003 nos
1251 3942 1293 4019 de
1399 3974 1408 3982 ·

155 4023 363 4107 pleonasmo‚
379 4025 437 4105 qui
452 4044 473 4088 a
486 4025 689 4090 doctioribus
702 4024 927 4109 grammaticis
945 4023 1017 4087 lere
1031 4023 1167 4098 dicitur1
1177 4043 1288 4111 agere,
1311 4080 1313 4086 s

158 4108 251 4173 Nam
275 4110 337 4173 etsi
361 4110 509 4185 definitio
531 4115 703 4197 proposita
727 4111 927 4194 pleonasmis
949 4111 1051 4173 etiam
1077 4110 1112 4172 in
1136 4129 1289 4177 sermone
1359 4180 1364 4193 ,

154 4194 294 4265 usitatis
318 4197 483 4269 convenit,
503 4202 616 4261 tamen
630 4218 696 4263 non
720 4199 868 4280 pertinet
880 4196 924 4274 ad
937 4213 1063 4267 omues,
1077 4214 1151 4275 quse
1164 4215 1206 4260 ex
1220 4204 1288 4281 ety-

152 4299 212 4345 mo
241 4280 305 4345 dici
326 4287 473 4363 possunt.
526 4282 614 4347 Nam
645 4285 687 4347 de
716 4284 837 4356 verbis,
864 4301 937 4364 quse
969 4282 1162 4345 temerarius
1187 4280 1287 4349 homo

153 4373 276 4449 praeter
292 4369 450 4431 rationein
465 4368 629 4432 effundere
642 4371 759 4453 possit,
780 4370 905 4433 frustra
925 4366 1126 4448 suscipiatur
1138 4368 1289 4453 (deputa.

152 4455 217 4516 tio.
272 4450 349 4517 lllos
379 4456 521 4517 maxime
542 4456 751 4537 pleonasmos
776 4460 968 4538 tractamus,
995 4454 1053 4534 qui
1082 4453 1171 4535 apud
1200 4461 1286 4523 anti·
1378 4499 1383 4510 ·

150 4539 332 4621 ⁴‹purissimos
365 4542 540 4626 scriptores
568 4539 700 4617 Graecos
727 4547 913 4621 occurrunt,
946 4539 1053 4621 iisque
1082 4542 1288 4625 explicandis
