3117 5175
500 936 937 1070 IsACsOG'E‘

589 1276 836 1316 ml...

215 1520 271 1583 nn
291 1467 555 1587 rmounsms
575 1525 738 1596 annus
758 1528 975 1597 uurvssss
994 1529 1214 1618 srrcrsms

373 1627 605 1702 sonandus
625 1630 800 1693 samen
821 1637 882 1720 m
893 1636 1049 1702 cluss.

139 1781 322 1892 ,OMNES
346 1809 466 1878 Graecae
479 1813 674 1882 litteraturae
694 1819 808 1898 partes
818 1816 890 1897 jam
903 1819 1065 1900 superiori
1086 1824 1279 1892 seculotun

141 1897 379 2048 tillidi
399 1900 586 2052 illitis
609 1899 1024 2054 tillltllttfflllllls
1045 1902 1282 2074 lt‘llllt

1026 2034 1035 2064 2
1343 2053 1346 2058 .

140 2069 221 2131 nori
235 2069 328 2155 quid,
354 2071 444 2152 quod
461 2090 528 2136 non
551 2073 596 2138 sit
615 2075 847 2158 spernendum,
871 2077 906 2159 ip
929 2096 970 2140 eo
988 2096 1106 2157 genere
1129 2015 1279 2161 proie'rre

140 2151 234 2234 rplit,
249 2155 279 2218 ei
305 2155 482 2224 ridendum
508 2159 563 2235 sit,
593 2179 634 2227 ne
656 2165 715 2224 aut
737 2172 848 2237 actum
873 2168 964 2242 agat,
987 2169 1046 2226 aut
1069 2164 1276 2232 ardalionum

140 2246 233 2303 more
247 2261 283 2306 se
297 2244 396 2306 rebus
411 2243 547 2326 agendis
572 2245 713 2326 ingerat.
757 2245 823 2325 Sed
838 2254 950 2314 tamen
976 2249 1054 2326 licet
1077 2256 1112 2313 et
1133 2251 1278 2318 aliorum

140 2327 285 2400 inventis
300 2331 347 2393 sic
361 2331 424 2404 uti,
446 2335 485 2394 ut
497 2331 573 2395 inde
587 2332 629 2394 ad
651 2351 859 2396 communem
881 2352 977 2420 psum
998 2335 1149 2416 quisdam
1167 2337 1278 2412 minus

139 2413 420 2494 vulgataelieias:
443 2416 522 2480 licet
536 2419 666 2500 plenius
681 2408 833 2499 quaedam
855 2426 889 2483 et
912 2420 1075 2512 copiosius
1096 2441 1276 2505 exponere,

137 2516 225 2580 quae,
252 2508 292 2565 ut
313 2505 421 2567 minus
443 2504 571 2589 gravia,
594 2505 658 2568 viri
688 2505 775 2569 docti
803 2523 871 2569 non
899 2523 1028 2580 summo
1057 2509 1170 2571 studio
1197 2516 1276 2575 stant

137 2591 323 2669 persecuti:
361 2590 438 2653 licet
463 2590 605 2672 denique
625 2590 762 2657 diversis
788 2594 823 2655 in
848 2592 930 2658 locis
951 2593 1076 2675 passim
1107 2591 1277 2677 disputati
1332 2635 1339 2648 .

136 2674 309 2755 colligere,
323 2678 418 2757 etita
431 2677 491 2740 sub
513 2697 580 2741 uno
593 2677 746 2763 adspectu
769 2697 903 2761 ponere,
924 2682 964 2741 ut
977 2698 1016 2742 ea
1038 2679 1192 2757 studiosi,
1213 2684 1274 2762 qui

135 2778 337 2841 cognoscere
352 2764 468 2837 velint,
486 2765 599 2827 statim
613 2763 649 2827 in
663 2768 794 2851 promtu
811 2764 965 2838 habeant.
1011 2762 1084 2829 Hac
1097 2766 1273 2847 colligendi

133 2864 241 2929 opera
257 2849 407 2931 inprimis
422 2852 505 2915 bene
519 2851 640 2913 meruit
648 2846 846 2916 Lambertus
856 2848 936 2921 Bos,
947 2848 1037 2914 edito
1050 2850 1092 2939 de
1102 2853 1274 2935 ellipsibus

133 2930 264 2997 Graecis
293 2936 427 3009 libello;
457 2955 658 3018 quamquam
679 2936 734 3017 hic
756 2938 856 3021 plura
877 2936 1009 3001 videtur
1033 2954 1055 3000 a
1077 2956 1115 3002 se
1139 2944 1273 3029 puato,

132 3036 233 3100 quam
250 3020 294 3083 ab
309 3022 384 3085 aliis
397 3023 517 3106 petita,
531 3022 721 3109 protulisse.
1140 3037 1146 3049 ‘

178 3098 310 3170 'Simile
337 3109 416 3189 quid
444 3129 507 3191 ego
543 3108 583 3172 de
616 3109 819 3194 pleonasmis
856 3105 977 3173 Graeca
1005 3108 1128 3189 llngoae
1155 3110 1272 3195 cpndci

130 3210 230 3273 posse
242 3194 316 3275 jam
329 3196 408 3259 olim
420 3197 549 3281 putavi,
571 3215 637 3260 non
651 3196 740 3276 quod
760 3214 853 3278 aeque
873 3196 968 3276 larga
991 3194 1107 3258 horum
1128 3214 1200 3259 esse
1222 3197 1272 3260 vi·
1379 3219 1383 3225 ’

130 3278 283 3356 deretur,
312 3288 412 3365 atque
436 3283 582 3355 illarum,
605 3284 713 3365 copia,
736 3282 793 3344 sed
815 3281 903 3361 quod
927 3298 1014 3362 saepe
1036 3268 1140 3344 multo
1162 3272 1271 3363 mijor

129 3365 312 3431 difficultas
325 3368 467 3433 occurrit
487 3372 523 3432 in
545 3368 655 3432 verbis
678 3367 935 3440 abundantibus,
949 3384 1049 3449 quam
1064 3367 1100 3430 in
1120 3370 1269 3433 omissis.
1384 3422 1392 3439 .

127 3448 207 3517 Jam
223 3452 270 3515 ad
286 3453 346 3519 hoc
360 3456 470 3537 ipsum
491 3456 589 3537 plane
611 3453 868 3537 dijudicandum,
890 3454 1116 3536 pleonasmine
1136 3455 1270 3534 nomine

127 3538 283 3612 verbum,
306 3542 394 3623 quod
409 3542 518 3605 omitti
533 3559 630 3623 posse
644 3542 804 3621 videatur,
818 3539 979 3622 appellari
1001 3538 1131 3616 debeat,
1152 3560 1197 3603 an
1211 3561 1269 3605 ne-

125 3627 279 3689 cessaria
302 3626 342 3689 de
373 3646 471 3692 causa
497 3628 642 3710 positum
674 3632 798 3690 certam
830 3627 951 3689 habeat
980 3624 1267 3707 significationem,

126 3727 194 3775 non
211 3712 338 3793 exigua
353 3712 526 3797 diligentia
539 3733 622 3797 opus
644 3720 706 3777 est.
751 3708 867 3795 Itaque
883 3710 1030 3775 nonnulli
1054 3711 1266 3795 interpretes,

125 3798 154 3858 si
177 3800 242 3863 tali
260 3798 414 3864 inverbo
436 3801 573 3873 lraerent,
592 3796 811 3884 pleonasmum
835 3817 906 3861 esse
930 3799 1162 3881 pronuntiant,
1184 3800 1266 3863 utel

125 3884 199 3946 solo
228 3886 292 3948 hoc
318 3887 450 3949 nomine
465 3885 572 3949 adseri
596 3892 680 3949 tosa
700 3885 801 3967 plane
825 3884 929 3948 officio
957 3882 1089 3959 iunctos
1111 3902 1182 3947 esse
1203 3896 1265 3967 puz

125 3974 210 4033 tent.
260 3964 365 4035 Sic'in
391 3968 540 4055 Xenoph.
564 3905 649 4054 ἕπῃ.
672 3968 748 4053 Cyri
763 3971 809 4044 vi,
832 3968 936 4044 3,10.
979 3965 1136 4070 Zepnius,
1158 3971 1265 4052 bonus

123 4062 276 4119 ceterum
299 4059 473 4141 interpreS,
503 4059 599 4121 finxit
625 4057 852 4141 pleonasmu'm
881 4054 1048 4138 participii
1082 4053 1172 4128 deror,
1202 4058 1262 4136 qui

122 4142 239 4205 nullus
256 4150 319 4220 est,
336 4164 440 4227 neque
454 4146 489 4207 in
502 4144 561 4207 illo
585 4144 669 4214 loco,
698 4161 806 4223 neque
820 4139 855 4205 in
878 4145 929 4213 eo,
953 4158 1020 4221 quo
1041 4140 1128 4203 male
1152 4140 1262 4205 abuti·

120 4232 190 4301 tur,
201 4226 363 4295 Platonis
408 4226 621 4294 Commodum
644 4229 746 4309 igitur
760 4228 836 4301 erit,
863 4233 898 4289 ct
918 4226 1052 4290 omnino
1076 4223 1261 4309 pleonasmi

117 4315 195 4377 vim
211 4334 347 4381 omnem
371 4319 571 4397 cognovisse,
599 4320 635 4377 et
655 4315 792 4378 collecta
807 4314 842 4376 in
864 4331 968 4376 unum
991 4311 1110 4374 habere
1123 4330 1262 4394 ea,quae
1286 4323 1289 4327 ’

120 4398 184 4463 hoc
199 4402 338 4466 nomine
360 4404 524 4465 seruntur.
569 4399 633 4463 Sed
656 4402 730 4483 ipsa
752 4418 857 4485 prope
879 4397 1063 4462 similitudo
1084 4416 1160 4461 cum
1174 4400 1261 4464 libro
1312 4414 1318 4420 '

119 4482 213 4550 Bosii
236 4506 348 4563 meum
370 4489 559 4553 institutum
585 4484 957 4568 commendarepotest.
1009 4480 1100 4545 Nam
1121 4491 1260 4568 utraque

117 4570 283 4657 loquendi
297 4577 383 4645 ratio
402 4574 541 4641 discedit
560 4573 683 4658 ajusto
704 4572 802 4639 modo
826 4570 1019 4697 verborum:
1031 4568 1103 4720 Βἣξια
1124 4590 1260 4661 parum,
