<?xml version="1.0" encoding="UTF-8"?>
<!DOCTYPE html PUBLIC "-//W3C//DTD XHTML 1.0 Transitional//EN"
    "http://www.w3.org/TR/xhtml1/DTD/xhtml1-transitional.dtd">
<html xmlns="http://www.w3.org/1999/xhtml" xml:lang="en" lang="en">
 <head>
  <title>
</title>
<meta http-equiv="Content-Type" content="text/html;charset=utf-8" />
  <meta name='ocr-system' content='tesseract 3.04.00' />
  <meta name='ocr-capabilities' content='ocr_page ocr_carea ocr_par ocr_line ocrx_word'/>
</head>
<body>
  <div class='ocr_page' id='page_1' title='image "./lambertiboselli00weisgoog/lambertiboselli00weisgoog_0038.png"; bbox 0 0 3117 5175; ppageno 0'>
   <div class='ocr_carea' id='block_1_1' title="bbox 346 402 1257 477">
    <p class='ocr_par' dir='ltr' id='par_1_1' title="bbox 346 402 1257 477">
     <span class='ocr_line' id='line_1_1' title="bbox 346 402 1257 477; baseline -0.009 0"><span class='ocrx_word' id='word_1_1' title='bbox 346 402 567 477; x_wconf 71' lang='lat' dir='ltr'>Pmasso</span> <span class='ocrx_word' id='word_1_2' title='bbox 586 402 783 473; x_wconf 65' lang='lat' dir='ltr'>Bnlfflklss</span> <span class='ocrx_word' id='word_1_3' title='bbox 800 404 1021 471; x_wconf 67' lang='lat' dir='ltr'>flamm</span> <span class='ocrx_word' id='word_1_4' title='bbox 1173 428 1257 469; x_wconf 73' lang='lat' dir='ltr'>xxxr</span> 
     </span>
    </p>
   </div>
   <div class='ocr_carea' id='block_1_2' title="bbox 119 586 1258 1107">
    <p class='ocr_par' dir='ltr' id='par_1_2' title="bbox 119 586 1258 1107">
     <span class='ocr_line' id='line_1_2' title="bbox 119 586 1254 673; baseline -0.001 -20"><span class='ocrx_word' id='word_1_5' title='bbox 119 588 385 655; x_wconf 67' lang='lat' dir='ltr'>maeotium:</span> <span class='ocrx_word' id='word_1_6' title='bbox 407 586 537 673; x_wconf 86' lang='lat' dir='ltr'>quoties</span> <span class='ocrx_word' id='word_1_7' title='bbox 549 606 631 669; x_wconf 80' lang='lat' dir='ltr'>crgo</span> <span class='ocrx_word' id='word_1_8' title='bbox 654 588 725 653; x_wconf 75' lang='lat' dir='ltr'>bac</span> <span class='ocrx_word' id='word_1_9' title='bbox 743 603 855 653; x_wconf 83' lang='lat' dir='ltr'>carum</span> <span class='ocrx_word' id='word_1_10' title='bbox 880 594 930 653; x_wconf 88' lang='lat' dir='ltr'>est</span> <span class='ocrx_word' id='word_1_11' title='bbox 945 588 1043 661; x_wconf 87' lang='lat' dir='ltr'>ratio,</span> <span class='ocrx_word' id='word_1_12' title='bbox 1066 590 1254 657; x_wconf 86' lang='lat' dir='ltr'>numerari-</span> 
     </span>
     <span class='ocr_line' id='line_1_3' title="bbox 120 673 1254 759; baseline 0 -20"><span class='ocrx_word' id='word_1_13' title='bbox 120 695 193 739; x_wconf 81' lang='lat' dir='ltr'>mns</span> <span class='ocrx_word' id='word_1_14' title='bbox 219 694 282 742; x_wconf 84' lang='lat' dir='ltr'>ess</span> <span class='ocrx_word' id='word_1_15' title='bbox 307 675 431 742; x_wconf 84' lang='lat' dir='ltr'>litteris</span> <span class='ocrx_word' id='word_1_16' title='bbox 456 673 624 757; x_wconf 76' lang='lat' dir='ltr'><strong>alphabeti</strong></span> <span class='ocrx_word' id='word_1_17' title='bbox 647 676 802 759; x_wconf 80' lang='lat' dir='ltr'>praefixis,</span> <span class='ocrx_word' id='word_1_18' title='bbox 825 674 1004 757; x_wconf 78' lang='lat' dir='ltr'>iisdemque</span> <span class='ocrx_word' id='word_1_19' title='bbox 1016 676 1136 743; x_wconf 83' lang='lat' dir='ltr'>litteris</span> <span class='ocrx_word' id='word_1_20' title='bbox 1155 678 1254 743; x_wconf 84' lang='lat' dir='ltr'>etiarn</span> 
     </span>
     <span class='ocr_line' id='line_1_4' title="bbox 122 760 1254 848; baseline 0.003 -23"><span class='ocrx_word' id='word_1_21' title='bbox 122 762 238 826; x_wconf 80' lang='lat' dir='ltr'>barsan</span> <span class='ocrx_word' id='word_1_22' title='bbox 260 760 533 830; x_wconf 82' lang='lat' dir='ltr'>observationum</span> <span class='ocrx_word' id='word_1_23' title='bbox 560 760 683 848; x_wconf 74' lang='lat' dir='ltr'>sedem,</span> <span class='ocrx_word' id='word_1_24' title='bbox 716 780 874 848; x_wconf 80' lang='lat' dir='ltr'><strong>quorsum</strong></span> <span class='ocrx_word' id='word_1_25' title='bbox 903 760 1081 845; x_wconf 83' lang='lat' dir='ltr'>pertinent,</span> <span class='ocrx_word' id='word_1_26' title='bbox 1115 760 1151 829; x_wconf 86' lang='lat' dir='ltr'>ia</span> <span class='ocrx_word' id='word_1_27' title='bbox 1181 762 1254 845; x_wconf 85' lang='lat' dir='ltr'>ipso</span> 
     </span>
     <span class='ocr_line' id='line_1_5' title="bbox 119 843 1258 933; baseline 0 -20"><span class='ocrx_word' id='word_1_28' title='bbox 119 852 210 913; x_wconf 73' lang='lat' dir='ltr'>tem</span> <span class='ocrx_word' id='word_1_29' title='bbox 226 846 458 912; x_wconf 85' lang='lat' dir='ltr'>indicarimus.</span> <span class='ocrx_word' id='word_1_30' title='bbox 503 843 631 915; x_wconf 84' lang='lat' dir='ltr'><strong>Nomen</strong></span> <span class='ocrx_word' id='word_1_31' title='bbox 653 847 809 923; x_wconf 85' lang='lat' dir='ltr'>auctoris,</span> <span class='ocrx_word' id='word_1_32' title='bbox 832 848 890 929; x_wconf 90' lang='lat' dir='ltr'>qui</span> <span class='ocrx_word' id='word_1_33' title='bbox 905 847 1165 917; x_wconf 80' lang='lat' dir='ltr'>observationem</span> <span class='ocrx_word' id='word_1_34' title='bbox 1176 868 1258 933; x_wconf 79' lang='lat' dir='ltr'>sup-¹</span> 
     </span>
     <span class='ocr_line' id='line_1_6' title="bbox 119 932 1254 1019; baseline 0.003 -21"><span class='ocrx_word' id='word_1_35' title='bbox 119 932 302 1019; x_wconf 86' lang='lat' dir='ltr'>peditarit,</span> <span class='ocrx_word' id='word_1_36' title='bbox 323 932 435 997; x_wconf 83' lang='lat' dir='ltr'>iatine</span> <span class='ocrx_word' id='word_1_37' title='bbox 448 950 576 1015; x_wconf 80' lang='lat' dir='ltr'>semper</span> <span class='ocrx_word' id='word_1_38' title='bbox 588 932 763 1015; x_wconf 81' lang='lat' dir='ltr'>adjicitur:</span> <span class='ocrx_word' id='word_1_39' title='bbox 787 938 820 997; x_wconf 87' lang='lat' dir='ltr'>ct</span> <span class='ocrx_word' id='word_1_40' title='bbox 843 934 872 1000; x_wconf 87' lang='lat' dir='ltr'>si</span> <span class='ocrx_word' id='word_1_41' title='bbox 888 932 1035 1019; x_wconf 86' lang='lat' dir='ltr'>plurium</span> <span class='ocrx_word' id='word_1_42' title='bbox 1049 932 1254 1001; x_wconf 85' lang='lat' dir='ltr'>eruditorum</span> 
     </span>
     <span class='ocr_line' id='line_1_7' title="bbox 119 1012 1254 1107; baseline 0 -23"><span class='ocrx_word' id='word_1_43' title='bbox 119 1012 372 1088; x_wconf 77' lang='lat' dir='ltr'>observationes</span> <span class='ocrx_word' id='word_1_44' title='bbox 385 1020 444 1085; x_wconf 90' lang='lat' dir='ltr'>uni</span> <span class='ocrx_word' id='word_1_45' title='bbox 459 1023 567 1083; x_wconf 84' lang='lat' dir='ltr'>textus</span> <span class='ocrx_word' id='word_1_46' title='bbox 580 1019 652 1083; x_wconf 89' lang='lat' dir='ltr'>sedi</span> <span class='ocrx_word' id='word_1_47' title='bbox 675 1019 830 1101; x_wconf 74' lang='lat' dir='ltr'>adligata</span> <span class='ocrx_word' id='word_1_48' title='bbox 844 1020 1065 1102; x_wconf 84' lang='lat' dir='ltr'>reperiuntur,</span> <span class='ocrx_word' id='word_1_49' title='bbox 1087 1018 1159 1089; x_wconf 79' lang='lat' dir='ltr'>istas</span> <span class='ocrx_word' id='word_1_50' title='bbox 1183 1020 1254 1107; x_wconf 89' lang='lat' dir='ltr'>qui·</span> 
     </span>
    </p>
   </div>
   <div class='ocr_carea' id='block_1_3' title="bbox 121 1101 1263 1777">
    <p class='ocr_par' dir='ltr' id='par_1_3' title="bbox 121 1101 1263 1777">
     <span class='ocr_line' id='line_1_8' title="bbox 121 1101 1256 1195; baseline 0.004 -24"><span class='ocrx_word' id='word_1_51' title='bbox 121 1108 330 1171; x_wconf 86' lang='lat' dir='ltr'>demomnes</span> <span class='ocrx_word' id='word_1_52' title='bbox 355 1107 404 1169; x_wconf 85' lang='lat' dir='ltr'>ita</span> <span class='ocrx_word' id='word_1_53' title='bbox 426 1110 654 1177; x_wconf 78' lang='lat' dir='ltr'>concurrentes</span> <span class='ocrx_word' id='word_1_54' title='bbox 668 1125 736 1173; x_wconf 87' lang='lat' dir='ltr'>ana</span> <span class='ocrx_word' id='word_1_55' title='bbox 759 1110 890 1173; x_wconf 83' lang='lat' dir='ltr'>tantum</span> <span class='ocrx_word' id='word_1_56' title='bbox 917 1101 1087 1195; x_wconf 77' lang='lat' dir='ltr'>alphabeti</span> <span class='ocrx_word' id='word_1_57' title='bbox 1108 1106 1256 1176; x_wconf 79' lang='lat' dir='ltr'>litterula</span> 
     </span>
     <span class='ocr_line' id='line_1_9' title="bbox 121 1191 1257 1277; baseline 0.006 -24"><span class='ocrx_word' id='word_1_58' title='bbox 121 1194 260 1277; x_wconf 81' lang='lat' dir='ltr'>praedxa</span> <span class='ocrx_word' id='word_1_59' title='bbox 274 1192 433 1275; x_wconf 81' lang='lat' dir='ltr'>gaudent,</span> <span class='ocrx_word' id='word_1_60' title='bbox 455 1192 511 1256; x_wconf 89' lang='lat' dir='ltr'>sed</span> <span class='ocrx_word' id='word_1_61' title='bbox 533 1191 675 1259; x_wconf 86' lang='lat' dir='ltr'>secunda</span> <span class='ocrx_word' id='word_1_62' title='bbox 685 1192 876 1263; x_wconf 80' lang='lat' dir='ltr'>observatio</span> <span class='ocrx_word' id='word_1_63' title='bbox 889 1212 965 1258; x_wconf 87' lang='lat' dir='ltr'>cum</span> <span class='ocrx_word' id='word_1_64' title='bbox 983 1192 1205 1277; x_wconf 60' lang='lat' dir='ltr'>sequanmur,</span> <span class='ocrx_word' id='word_1_65' title='bbox 1226 1193 1257 1259; x_wconf 88' lang='lat' dir='ltr'>si</span> 
     </span>
     <span class='ocr_line' id='line_1_10' title="bbox 124 1277 1263 1362; baseline 0.004 -18"><span class='ocrx_word' id='word_1_66' title='bbox 124 1280 259 1351; x_wconf 82' lang='lat' dir='ltr'>adsunt,</span> <span class='ocrx_word' id='word_1_67' title='bbox 283 1296 306 1341; x_wconf 83' lang='lat' dir='ltr'>a</span> <span class='ocrx_word' id='word_1_68' title='bbox 328 1278 439 1362; x_wconf 86' lang='lat' dir='ltr'>prima</span> <span class='ocrx_word' id='word_1_69' title='bbox 462 1297 521 1361; x_wconf 87' lang='lat' dir='ltr'>per</span> <span class='ocrx_word' id='word_1_70' title='bbox 543 1280 737 1343; x_wconf 77' lang='lat' dir='ltr'>asteriscum</span> <span class='ocrx_word' id='word_1_71' title='bbox 761 1277 868 1342; x_wconf 91' lang='lat' dir='ltr'>denuo</span> <span class='ocrx_word' id='word_1_72' title='bbox 892 1277 1074 1360; x_wconf 70' lang='lat' dir='ltr'>prefixum,</span> <span class='ocrx_word' id='word_1_73' title='bbox 1097 1283 1131 1347; x_wconf 84' lang='lat' dir='ltr'>et</span> <span class='ocrx_word' id='word_1_74' title='bbox 1145 1278 1180 1346; x_wconf 89' lang='lat' dir='ltr'>in</span> <span class='ocrx_word' id='word_1_75' title='bbox 1194 1278 1263 1358; x_wconf 65' lang='lat' dir='ltr'>flos,</span> 
     </span>
     <span class='ocr_line' id='line_1_11' title="bbox 124 1358 1256 1450; baseline -0.001 -20"><span class='ocrx_word' id='word_1_76' title='bbox 124 1364 292 1450; x_wconf 83' lang='lat' dir='ltr'>peraiiud</span> <span class='ocrx_word' id='word_1_77' title='bbox 308 1365 472 1446; x_wconf 84' lang='lat' dir='ltr'>adjectum</span> <span class='ocrx_word' id='word_1_78' title='bbox 494 1367 638 1429; x_wconf 89' lang='lat' dir='ltr'>auctoris</span> <span class='ocrx_word' id='word_1_79' title='bbox 658 1384 778 1428; x_wconf 86' lang='lat' dir='ltr'>nomen</span> <span class='ocrx_word' id='word_1_80' title='bbox 803 1364 1043 1429; x_wconf 88' lang='lat' dir='ltr'>discernuntur.</span> <span class='ocrx_word' id='word_1_81' title='bbox 1068 1358 1256 1429; x_wconf 79' lang='lat' dir='ltr'>&#39;Interdum</span> 
     </span>
     <span class='ocr_line' id='line_1_12' title="bbox 124 1450 1255 1535; baseline -0.004 -18"><span class='ocrx_word' id='word_1_82' title='bbox 124 1458 235 1517; x_wconf 88' lang='lat' dir='ltr'>autem</span> <span class='ocrx_word' id='word_1_83' title='bbox 250 1452 326 1514; x_wconf 72' lang='lat' dir='ltr'>istae</span> <span class='ocrx_word' id='word_1_84' title='bbox 340 1450 598 1524; x_wconf 79' lang='lat' dir='ltr'>observationes,</span> <span class='ocrx_word' id='word_1_85' title='bbox 620 1456 781 1532; x_wconf 84' lang='lat' dir='ltr'>tanquam</span> <span class='ocrx_word' id='word_1_86' title='bbox 800 1450 1010 1535; x_wconf 80' lang='lat' dir='ltr'>appendices,</span> <span class='ocrx_word' id='word_1_87' title='bbox 1033 1452 1068 1514; x_wconf 89' lang='lat' dir='ltr'>in</span> <span class='ocrx_word' id='word_1_88' title='bbox 1093 1450 1155 1514; x_wconf 86' lang='lat' dir='ltr'>fine</span> <span class='ocrx_word' id='word_1_89' title='bbox 1177 1452 1255 1515; x_wconf 88' lang='lat' dir='ltr'>titu-</span> 
     </span>
     <span class='ocr_line' id='line_1_13' title="bbox 126 1537 1257 1621; baseline -0.005 -16"><span class='ocrx_word' id='word_1_90' title='bbox 126 1539 233 1605; x_wconf 88' lang='lat' dir='ltr'>lorum</span> <span class='ocrx_word' id='word_1_91' title='bbox 253 1537 387 1613; x_wconf 81' lang='lat' dir='ltr'>additae,</span> <span class='ocrx_word' id='word_1_92' title='bbox 408 1544 443 1601; x_wconf 87' lang='lat' dir='ltr'>et</span> <span class='ocrx_word' id='word_1_93' title='bbox 466 1537 557 1601; x_wconf 85' lang='lat' dir='ltr'>nulia</span> <span class='ocrx_word' id='word_1_94' title='bbox 583 1537 695 1602; x_wconf 80' lang='lat' dir='ltr'>littera</span> <span class='ocrx_word' id='word_1_95' title='bbox 722 1539 908 1619; x_wconf 78' lang='lat' dir='ltr'>insignite,</span> <span class='ocrx_word' id='word_1_96' title='bbox 934 1538 1153 1621; x_wconf 82' lang='lat' dir='ltr'>reperiuntur,</span> <span class='ocrx_word' id='word_1_97' title='bbox 1174 1556 1257 1621; x_wconf 81' lang='lat' dir='ltr'>prae-</span> 
     </span>
     <span class='ocr_line' id='line_1_14' title="bbox 128 1621 1260 1726; baseline 0.004 -37"><span class='ocrx_word' id='word_1_98' title='bbox 128 1626 235 1726; x_wconf 80' lang='lat' dir='ltr'>posito</span> <span class='ocrx_word' id='word_1_99' title='bbox 251 1628 368 1689; x_wconf 68' lang='lat' dir='ltr'>minen</span> <span class='ocrx_word' id='word_1_100' title='bbox 389 1621 491 1693; x_wconf 79' lang='lat' dir='ltr'>etiam</span> <span class='ocrx_word' id='word_1_101' title='bbox 506 1622 657 1695; x_wconf 83' lang='lat' dir='ltr'>asterisci</span> <span class='ocrx_word' id='word_1_102' title='bbox 670 1623 780 1711; x_wconf 74' lang='lat' dir='ltr'>signo,</span> <span class='ocrx_word' id='word_1_103' title='bbox 804 1630 838 1689; x_wconf 88' lang='lat' dir='ltr'>et</span> <span class='ocrx_word' id='word_1_104' title='bbox 859 1621 972 1690; x_wconf 86' lang='lat' dir='ltr'>addito</span> <span class='ocrx_word' id='word_1_105' title='bbox 986 1623 1023 1689; x_wconf 90' lang='lat' dir='ltr'>in</span> <span class='ocrx_word' id='word_1_106' title='bbox 1037 1622 1101 1693; x_wconf 80' lang='lat' dir='ltr'>bne</span> <span class='ocrx_word' id='word_1_107' title='bbox 1114 1623 1260 1694; x_wconf 80' lang='lat' dir='ltr'>auctoris</span> 
     </span>
     <span class='ocr_line' id='line_1_15' title="bbox 129 1728 271 1777; baseline 0.007 -2"><span class='ocrx_word' id='word_1_108' title='bbox 129 1728 271 1777; x_wconf 86' lang='lat' dir='ltr'>nomme.</span> 
     </span>
    </p>
   </div>
   <div class='ocr_carea' id='block_1_4' title="bbox 631 1829 757 1919">
    <p class='ocr_par' dir='ltr' id='par_1_4' title="bbox 631 1829 757 1919">
     <span class='ocr_line' id='line_1_16' title="bbox 631 1829 757 1919; baseline 0 -22"><span class='ocrx_word' id='word_1_109' title='bbox 631 1831 660 1919; x_wconf 63' lang='grc' dir='ltr'>ς.</span> <span class='ocrx_word' id='word_1_110' title='bbox 681 1829 757 1897; x_wconf 85' lang='lat' dir='ltr'>xx.</span> 
     </span>
    </p>
   </div>
   <div class='ocr_carea' id='block_1_5' title="bbox 132 1964 1258 2574">
    <p class='ocr_par' dir='ltr' id='par_1_5' title="bbox 132 1964 1258 2574">
     <span class='ocr_line' id='line_1_17' title="bbox 176 1964 1256 2055; baseline 0 -24"><span class='ocrx_word' id='word_1_111' title='bbox 176 1964 312 2050; x_wconf 75' lang='lat' dir='ltr'>Maioris</span> <span class='ocrx_word' id='word_1_112' title='bbox 338 1964 585 2036; x_wconf 80' lang='lat' dir='ltr'>commoditatis</span> <span class='ocrx_word' id='word_1_113' title='bbox 609 1973 643 2033; x_wconf 90' lang='lat' dir='ltr'>et</span> <span class='ocrx_word' id='word_1_114' title='bbox 664 1968 912 2055; x_wconf 84' lang='lat' dir='ltr'>perspicuitatis</span> <span class='ocrx_word' id='word_1_115' title='bbox 933 1966 1043 2049; x_wconf 79' lang='lat' dir='ltr'>gratia</span> <span class='ocrx_word' id='word_1_116' title='bbox 1066 1970 1256 2035; x_wconf 86' lang='lat' dir='ltr'>contextum</span> 
     </span>
     <span class='ocr_line' id='line_1_18' title="bbox 132 2054 1257 2141; baseline -0.001 -22"><span class='ocrx_word' id='word_1_117' title='bbox 132 2074 220 2139; x_wconf 76' lang='lat' dir='ltr'>sepe</span> <span class='ocrx_word' id='word_1_118' title='bbox 242 2057 277 2121; x_wconf 90' lang='lat' dir='ltr'>in</span> <span class='ocrx_word' id='word_1_119' title='bbox 300 2058 446 2120; x_wconf 88' lang='lat' dir='ltr'>minores</span> <span class='ocrx_word' id='word_1_120' title='bbox 458 2056 616 2119; x_wconf 86' lang='lat' dir='ltr'>sectiones</span> <span class='ocrx_word' id='word_1_121' title='bbox 631 2074 688 2121; x_wconf 88' lang='lat' dir='ltr'>seu</span> <span class='ocrx_word' id='word_1_122' title='bbox 712 2058 938 2141; x_wconf 86' lang='lat' dir='ltr'>paragraphos</span> <span class='ocrx_word' id='word_1_123' title='bbox 949 2054 1178 2121; x_wconf 83' lang='lat' dir='ltr'>distinximus:</span> <span class='ocrx_word' id='word_1_124' title='bbox 1201 2074 1257 2119; x_wconf 92' lang='lat' dir='ltr'>no·</span> 
     </span>
     <span class='ocr_line' id='line_1_19' title="bbox 133 2138 1258 2227; baseline -0.001 -22"><span class='ocrx_word' id='word_1_125' title='bbox 133 2142 221 2205; x_wconf 84' lang='lat' dir='ltr'>mina</span> <span class='ocrx_word' id='word_1_126' title='bbox 244 2142 346 2207; x_wconf 84' lang='lat' dir='ltr'>etiam</span> <span class='ocrx_word' id='word_1_127' title='bbox 370 2143 506 2225; x_wconf 88' lang='lat' dir='ltr'>propria</span> <span class='ocrx_word' id='word_1_128' title='bbox 534 2148 713 2217; x_wconf 89' lang='lat' dir='ltr'>auctorum,</span> <span class='ocrx_word' id='word_1_129' title='bbox 734 2144 792 2227; x_wconf 91' lang='lat' dir='ltr'>qui</span> <span class='ocrx_word' id='word_1_130' title='bbox 818 2143 975 2214; x_wconf 87' lang='lat' dir='ltr'>citantur,</span> <span class='ocrx_word' id='word_1_131' title='bbox 998 2160 1062 2203; x_wconf 91' lang='lat' dir='ltr'>non</span> <span class='ocrx_word' id='word_1_132' title='bbox 1088 2138 1258 2205; x_wconf 86' lang='lat' dir='ltr'>decurtata</span> 
     </span>
     <span class='ocr_line' id='line_1_20' title="bbox 132 2224 1257 2313; baseline 0 -20"><span class='ocrx_word' id='word_1_133' title='bbox 132 2230 320 2312; x_wconf 81' lang='lat' dir='ltr'>scriptione,</span> <span class='ocrx_word' id='word_1_134' title='bbox 341 2228 539 2311; x_wconf 87' lang='lat' dir='ltr'>sedintegre</span> <span class='ocrx_word' id='word_1_135' title='bbox 553 2227 686 2311; x_wconf 86' lang='lat' dir='ltr'>scripta,</span> <span class='ocrx_word' id='word_1_136' title='bbox 708 2248 814 2313; x_wconf 88' lang='lat' dir='ltr'>eaque</span> <span class='ocrx_word' id='word_1_137' title='bbox 828 2229 948 2295; x_wconf 86' lang='lat' dir='ltr'>litteris</span> <span class='ocrx_word' id='word_1_138' title='bbox 964 2224 1161 2307; x_wconf 83' lang='lat' dir='ltr'>majusculis,</span> <span class='ocrx_word' id='word_1_139' title='bbox 1183 2247 1257 2310; x_wconf 83' lang='lat' dir='ltr'>qua</span> 
     </span>
     <span class='ocr_line' id='line_1_21' title="bbox 132 2310 1255 2399; baseline 0 -22"><span class='ocrx_word' id='word_1_140' title='bbox 132 2316 346 2399; x_wconf 81' lang='lat' dir='ltr'>atypotbetis</span> <span class='ocrx_word' id='word_1_141' title='bbox 361 2315 520 2398; x_wconf 88' lang='lat' dir='ltr'>capitales</span> <span class='ocrx_word' id='word_1_142' title='bbox 533 2333 640 2397; x_wconf 84' lang='lat' dir='ltr'>parve</span> <span class='ocrx_word' id='word_1_143' title='bbox 655 2318 763 2380; x_wconf 83' lang='lat' dir='ltr'>vocari</span> <span class='ocrx_word' id='word_1_144' title='bbox 780 2317 896 2393; x_wconf 86' lang='lat' dir='ltr'>solent,</span> <span class='ocrx_word' id='word_1_145' title='bbox 918 2310 1033 2380; x_wconf 83' lang='lat' dir='ltr'>excudi</span> <span class='ocrx_word' id='word_1_146' title='bbox 1049 2314 1255 2387; x_wconf 83' lang='lat' dir='ltr'>curavimus;</span> 
     </span>
     <span class='ocr_line' id='line_1_22' title="bbox 132 2398 1257 2485; baseline -0.002 -20"><span class='ocrx_word' id='word_1_147' title='bbox 132 2402 362 2485; x_wconf 88' lang='lat' dir='ltr'>inscriptiones</span> <span class='ocrx_word' id='word_1_148' title='bbox 376 2419 453 2465; x_wconf 81' lang='lat' dir='ltr'>roro</span> <span class='ocrx_word' id='word_1_149' title='bbox 466 2400 623 2468; x_wconf 88' lang='lat' dir='ltr'>librorum</span> <span class='ocrx_word' id='word_1_150' title='bbox 637 2401 787 2471; x_wconf 82' lang='lat' dir='ltr'>formulis</span> <span class='ocrx_word' id='word_1_151' title='bbox 805 2402 990 2465; x_wconf 86' lang='lat' dir='ltr'>litterarum</span> <span class='ocrx_word' id='word_1_152' title='bbox 1011 2398 1257 2479; x_wconf 83' lang='lat' dir='ltr'>inclinaturum,</span> 
     </span>
     <span class='ocr_line' id='line_1_23' title="bbox 133 2486 1043 2574; baseline 0 -21"><span class='ocrx_word' id='word_1_153' title='bbox 133 2506 203 2574; x_wconf 78' lang='lat' dir='ltr'>quae</span> <span class='ocrx_word' id='word_1_154' title='bbox 218 2490 320 2571; x_wconf 80' lang='lat' dir='ltr'>rnlgo</span> <span class='ocrx_word' id='word_1_155' title='bbox 334 2488 469 2552; x_wconf 86' lang='lat' dir='ltr'>cursivae</span> <span class='ocrx_word' id='word_1_156' title='bbox 482 2488 705 2563; x_wconf 88' lang='lat' dir='ltr'>nominantur,</span> <span class='ocrx_word' id='word_1_157' title='bbox 726 2488 866 2559; x_wconf 82' lang='lat' dir='ltr'>exscribi</span> <span class='ocrx_word' id='word_1_158' title='bbox 874 2486 1043 2569; x_wconf 82' lang='lat' dir='ltr'>jussimus,</span> 
     </span>
    </p>
   </div>
   <div class='ocr_carea' id='block_1_6' title="bbox 519 2617 863 2707">
    <p class='ocr_par' dir='ltr' id='par_1_6' title="bbox 519 2617 863 2707">
     <span class='ocr_line' id='line_1_24' title="bbox 519 2617 863 2707; baseline -0.017 -49"><span class='ocrx_word' id='word_1_159' title='bbox 519 2617 863 2707; x_wconf 32' lang='lat' dir='ltr'>rm.</span> 
     </span>
    </p>
   </div>
   <div class='ocr_carea' id='block_1_7' title="bbox 137 2743 1259 3329">
    <p class='ocr_par' dir='ltr' id='par_1_7' title="bbox 137 2743 1259 3329">
     <span class='ocr_line' id='line_1_25' title="bbox 174 2743 1257 2832; baseline -0.002 -22"><span class='ocrx_word' id='word_1_160' title='bbox 174 2743 227 2810; x_wconf 85' lang='lat' dir='ltr'>Ne</span> <span class='ocrx_word' id='word_1_161' title='bbox 240 2745 439 2812; x_wconf 83' lang='lat' dir='ltr'>accrrratiori</span> <span class='ocrx_word' id='word_1_162' title='bbox 455 2752 490 2811; x_wconf 89' lang='lat' dir='ltr'>et</span> <span class='ocrx_word' id='word_1_163' title='bbox 514 2747 669 2813; x_wconf 84' lang='lat' dir='ltr'>limatiori</span> <span class='ocrx_word' id='word_1_164' title='bbox 684 2747 781 2829; x_wconf 85' lang='lat' dir='ltr'>bajus</span> <span class='ocrx_word' id='word_1_165' title='bbox 807 2747 881 2812; x_wconf 91' lang='lat' dir='ltr'>libri</span> <span class='ocrx_word' id='word_1_166' title='bbox 898 2745 1103 2832; x_wconf 86' lang='lat' dir='ltr'>impressioni</span> <span class='ocrx_word' id='word_1_167' title='bbox 1129 2745 1257 2831; x_wconf 84' lang='lat' dir='ltr'>aliquid</span> 
     </span>
     <span class='ocr_line' id='line_1_26' title="bbox 137 2823 1259 2916; baseline -0.002 -20"><span class='ocrx_word' id='word_1_168' title='bbox 137 2831 272 2908; x_wconf 58' lang='lat' dir='ltr'>deamat,</span> <span class='ocrx_word' id='word_1_169' title='bbox 288 2853 391 2916; x_wconf 89' lang='lat' dir='ltr'>quum</span> <span class='ocrx_word' id='word_1_170' title='bbox 405 2833 537 2916; x_wconf 88' lang='lat' dir='ltr'>quidem</span> <span class='ocrx_word' id='word_1_171' title='bbox 552 2839 586 2897; x_wconf 91' lang='lat' dir='ltr'>et</span> <span class='ocrx_word' id='word_1_172' title='bbox 607 2833 711 2897; x_wconf 90' lang='lat' dir='ltr'>bonus</span> <span class='ocrx_word' id='word_1_173' title='bbox 726 2834 847 2898; x_wconf 91' lang='lat' dir='ltr'>alicubi</span> <span class='ocrx_word' id='word_1_174' title='bbox 860 2833 1014 2899; x_wconf 88' lang='lat' dir='ltr'>dormitet</span> <span class='ocrx_word' id='word_1_175' title='bbox 1029 2823 1204 2903; x_wconf 84' lang='lat' dir='ltr'>Homerus,</span> <span class='ocrx_word' id='word_1_176' title='bbox 1225 2837 1259 2894; x_wconf 88' lang='lat' dir='ltr'>et</span> 
     </span>
     <span class='ocr_line' id='line_1_27' title="bbox 137 2918 1256 3002; baseline -0.007 -18"><span class='ocrx_word' id='word_1_177' title='bbox 137 2920 218 2984; x_wconf 88' lang='lat' dir='ltr'>oculi</span> <span class='ocrx_word' id='word_1_178' title='bbox 234 2920 309 3002; x_wconf 90' lang='lat' dir='ltr'>plus</span> <span class='ocrx_word' id='word_1_179' title='bbox 323 2920 434 2983; x_wconf 84' lang='lat' dir='ltr'>ridere</span> <span class='ocrx_word' id='word_1_180' title='bbox 449 2921 586 2993; x_wconf 88' lang='lat' dir='ltr'>soleant,</span> <span class='ocrx_word' id='word_1_181' title='bbox 609 2937 709 3000; x_wconf 88' lang='lat' dir='ltr'>quarn</span> <span class='ocrx_word' id='word_1_182' title='bbox 723 2921 848 2992; x_wconf 89' lang='lat' dir='ltr'>oculus,</span> <span class='ocrx_word' id='word_1_183' title='bbox 869 2924 907 2983; x_wconf 87' lang='lat' dir='ltr'>ut</span> <span class='ocrx_word' id='word_1_184' title='bbox 930 2918 1256 3002; x_wconf 76' lang='lat' dir='ltr'>proverbiodicitur:</span> 
     </span>
     <span class='ocr_line' id='line_1_28' title="bbox 138 3004 1258 3088; baseline -0.003 -19"><span class='ocrx_word' id='word_1_185' title='bbox 138 3006 251 3069; x_wconf 84' lang='lat' dir='ltr'>sumsit</span> <span class='ocrx_word' id='word_1_186' title='bbox 263 3006 330 3069; x_wconf 91' lang='lat' dir='ltr'>sibi</span> <span class='ocrx_word' id='word_1_187' title='bbox 345 3005 567 3088; x_wconf 83' lang='lat' dir='ltr'>persingulas</span> <span class='ocrx_word' id='word_1_188' title='bbox 587 3007 738 3088; x_wconf 83' lang='lat' dir='ltr'>plagulas</span> <span class='ocrx_word' id='word_1_189' title='bbox 752 3006 854 3069; x_wconf 91' lang='lat' dir='ltr'>totius</span> <span class='ocrx_word' id='word_1_190' title='bbox 879 3005 955 3069; x_wconf 91' lang='lat' dir='ltr'>libri</span> <span class='ocrx_word' id='word_1_191' title='bbox 969 3004 1258 3088; x_wconf 86' lang='lat' dir='ltr'>perlustrationem</span> 
     </span>
     <span class='ocr_line' id='line_1_29' title="bbox 140 3088 1259 3172; baseline -0.002 -18"><span class='ocrx_word' id='word_1_192' title='bbox 140 3097 170 3154; x_wconf 84' lang='lat' dir='ltr'>ct</span> <span class='ocrx_word' id='word_1_193' title='bbox 181 3093 380 3156; x_wconf 76' lang='lat' dir='ltr'>revisionem</span> <span class='ocrx_word' id='word_1_194' title='bbox 393 3088 453 3154; x_wconf 87' lang='lat' dir='ltr'>Vir</span> <span class='ocrx_word' id='word_1_195' title='bbox 465 3090 580 3156; x_wconf 92' lang='lat' dir='ltr'>doctus</span> <span class='ocrx_word' id='word_1_196' title='bbox 594 3097 629 3155; x_wconf 88' lang='lat' dir='ltr'>et</span> <span class='ocrx_word' id='word_1_197' title='bbox 643 3093 678 3155; x_wconf 93' lang='lat' dir='ltr'>in</span> <span class='ocrx_word' id='word_1_198' title='bbox 693 3092 752 3156; x_wconf 91' lang='lat' dir='ltr'>hoc</span> <span class='ocrx_word' id='word_1_199' title='bbox 767 3091 948 3155; x_wconf 90' lang='lat' dir='ltr'>studiorum</span> <span class='ocrx_word' id='word_1_200' title='bbox 962 3111 1081 3172; x_wconf 80' lang='lat' dir='ltr'>genere</span> <span class='ocrx_word' id='word_1_201' title='bbox 1104 3090 1259 3152; x_wconf 84' lang='lat' dir='ltr'>exercita·</span> 
     </span>
     <span class='ocr_line' id='line_1_30' title="bbox 141 3171 1258 3266; baseline 0.001 -26"><span class='ocrx_word' id='word_1_202' title='bbox 141 3182 201 3252; x_wconf 89' lang='lat' dir='ltr'>tus,</span> <span class='ocrx_word' id='word_1_203' title='bbox 222 3179 320 3260; x_wconf 87' lang='lat' dir='ltr'>cujus</span> <span class='ocrx_word' id='word_1_204' title='bbox 334 3177 508 3258; x_wconf 80' lang='lat' dir='ltr'>diligentia</span> <span class='ocrx_word' id='word_1_205' title='bbox 529 3174 565 3242; x_wconf 89' lang='lat' dir='ltr'>in</span> <span class='ocrx_word' id='word_1_206' title='bbox 590 3178 653 3242; x_wconf 90' lang='lat' dir='ltr'>hoc</span> <span class='ocrx_word' id='word_1_207' title='bbox 676 3178 836 3266; x_wconf 89' lang='lat' dir='ltr'>opusculo</span> <span class='ocrx_word' id='word_1_208' title='bbox 857 3171 1004 3242; x_wconf 84' lang='lat' dir='ltr'>adhibita</span> <span class='ocrx_word' id='word_1_209' title='bbox 1028 3174 1202 3242; x_wconf 89' lang='lat' dir='ltr'>lectoribus</span> <span class='ocrx_word' id='word_1_210' title='bbox 1223 3193 1258 3242; x_wconf 90' lang='lat' dir='ltr'>se</span> 
     </span>
     <span class='ocr_line' id='line_1_31' title="bbox 141 3263 538 3329; baseline -0.013 0"><span class='ocrx_word' id='word_1_211' title='bbox 141 3265 217 3328; x_wconf 83' lang='lat' dir='ltr'>satis</span> <span class='ocrx_word' id='word_1_212' title='bbox 230 3263 486 3329; x_wconf 89' lang='lat' dir='ltr'>commendabit.</span> <span class='ocrx_word' id='word_1_213' title='bbox 535 3319 538 3324; x_wconf 89' lang='lat'>.</span> 
     </span>
    </p>
   </div>
   <div class='ocr_carea' id='block_1_8' title="bbox 616 3384 773 3473">
    <p class='ocr_par' dir='ltr' id='par_1_8' title="bbox 616 3384 773 3473">
     <span class='ocr_line' id='line_1_32' title="bbox 616 3384 773 3473; baseline -0.013 -21"><span class='ocrx_word' id='word_1_214' title='bbox 616 3390 644 3473; x_wconf 78' lang='lat'>§-</span> <span class='ocrx_word' id='word_1_215' title='bbox 667 3384 773 3453; x_wconf 82' lang='lat' dir='ltr'>xxa.</span> 
     </span>
    </p>
   </div>
   <div class='ocr_carea' id='block_1_9' title="bbox 140 3523 1280 3693">
    <p class='ocr_par' dir='ltr' id='par_1_9' title="bbox 140 3523 1280 3693">
     <span class='ocr_line' id='line_1_33' title="bbox 179 3523 1280 3610; baseline -0.002 -20"><span class='ocrx_word' id='word_1_216' title='bbox 179 3523 229 3591; x_wconf 89' lang='lat' dir='ltr'>Ut</span> <span class='ocrx_word' id='word_1_217' title='bbox 254 3525 419 3593; x_wconf 89' lang='lat' dir='ltr'>sumtibus</span> <span class='ocrx_word' id='word_1_218' title='bbox 445 3544 663 3610; x_wconf 80' lang='lat' dir='ltr'>parceremus,</span> <span class='ocrx_word' id='word_1_219' title='bbox 686 3543 726 3590; x_wconf 88' lang='lat' dir='ltr'>ne</span> <span class='ocrx_word' id='word_1_220' title='bbox 751 3526 851 3590; x_wconf 88' lang='lat' dir='ltr'>moles</span> <span class='ocrx_word' id='word_1_221' title='bbox 878 3523 955 3590; x_wconf 88' lang='lat' dir='ltr'>iibri</span> <span class='ocrx_word' id='word_1_222' title='bbox 978 3523 1117 3590; x_wconf 89' lang='lat' dir='ltr'>nimium</span> <span class='ocrx_word' id='word_1_223' title='bbox 1137 3540 1280 3588; x_wconf 74' lang='lat' dir='ltr'>exores·</span> 
     </span>
     <span class='ocr_line' id='line_1_34' title="bbox 140 3607 1262 3693; baseline -0.004 -14"><span class='ocrx_word' id='word_1_224' title='bbox 140 3620 238 3693; x_wconf 83' lang='lat' dir='ltr'>caret,</span> <span class='ocrx_word' id='word_1_225' title='bbox 265 3615 438 3678; x_wconf 88' lang='lat' dir='ltr'>omisimus</span> <span class='ocrx_word' id='word_1_226' title='bbox 460 3612 681 3678; x_wconf 85' lang='lat' dir='ltr'>dedicationes</span> <span class='ocrx_word' id='word_1_227' title='bbox 709 3611 932 3693; x_wconf 85' lang='lat' dir='ltr'>Schoettgenii</span> <span class='ocrx_word' id='word_1_228' title='bbox 958 3617 992 3678; x_wconf 88' lang='lat' dir='ltr'>et</span> <span class='ocrx_word' id='word_1_229' title='bbox 1014 3607 1172 3683; x_wconf 88' lang='lat' dir='ltr'>Leisneri,</span> <span class='ocrx_word' id='word_1_230' title='bbox 1203 3629 1262 3674; x_wconf 90' lang='lat' dir='ltr'>nec</span> 
     </span>
    </p>
   </div>
   <div class='ocr_carea' id='block_1_10' title="bbox 17 3695 1285 4127">
    <p class='ocr_par' dir='ltr' id='par_1_10' title="bbox 17 3695 1285 4127">
     <span class='ocr_line' id='line_1_35' title="bbox 17 3695 1261 3782; baseline -0.006 -15"><span class='ocrx_word' id='word_1_231' title='bbox 17 3700 18 3731; x_wconf 63' lang='lat'>¹</span> <span class='ocrx_word' id='word_1_232' title='bbox 141 3719 203 3766; x_wconf 87' lang='lat' dir='ltr'>uon</span> <span class='ocrx_word' id='word_1_233' title='bbox 223 3700 342 3764; x_wconf 87' lang='lat' dir='ltr'>horum</span> <span class='ocrx_word' id='word_1_234' title='bbox 355 3701 498 3764; x_wconf 81' lang='lat' dir='ltr'>virorum</span> <span class='ocrx_word' id='word_1_235' title='bbox 523 3697 732 3782; x_wconf 73' lang='lat' dir='ltr'>prefationes</span> <span class='ocrx_word' id='word_1_236' title='bbox 755 3717 797 3761; x_wconf 84' lang='lat' dir='ltr'>ex</span> <span class='ocrx_word' id='word_1_237' title='bbox 810 3705 905 3782; x_wconf 86' lang='lat' dir='ltr'>parte</span> <span class='ocrx_word' id='word_1_238' title='bbox 925 3698 1068 3781; x_wconf 83' lang='lat' dir='ltr'>prolixas</span> <span class='ocrx_word' id='word_1_239' title='bbox 1080 3695 1261 3760; x_wconf 86' lang='lat' dir='ltr'>editionum</span> 
     </span>
     <span class='ocr_line' id='line_1_36' title="bbox 17 3783 1261 3865; baseline -0.005 -14"><span class='ocrx_word' id='word_1_240' title='bbox 17 3857 18 3862; x_wconf 8' lang='grc' dir='ltr'>γ</span> <span class='ocrx_word' id='word_1_241' title='bbox 140 3786 414 3860; x_wconf 82' lang='lat' dir='ltr'>antecedentium,</span> <span class='ocrx_word' id='word_1_242' title='bbox 438 3785 556 3858; x_wconf 87' lang='lat' dir='ltr'>tertiae,</span> <span class='ocrx_word' id='word_1_243' title='bbox 579 3791 717 3865; x_wconf 85' lang='lat' dir='ltr'>quartae,</span> <span class='ocrx_word' id='word_1_244' title='bbox 737 3787 861 3864; x_wconf 83' lang='lat' dir='ltr'>qnintae</span> <span class='ocrx_word' id='word_1_245' title='bbox 887 3790 921 3847; x_wconf 88' lang='lat' dir='ltr'>et</span> <span class='ocrx_word' id='word_1_246' title='bbox 950 3790 1077 3855; x_wconf 79' lang='lat' dir='ltr'>sextae;</span> <span class='ocrx_word' id='word_1_247' title='bbox 1099 3801 1183 3862; x_wconf 92' lang='lat' dir='ltr'>quas</span> <span class='ocrx_word' id='word_1_248' title='bbox 1203 3783 1261 3865; x_wconf 92' lang='lat' dir='ltr'>qui</span> 
     </span>
     <span class='ocr_line' id='line_1_37' title="bbox 17 3865 1262 3956; baseline -0.004 -19"><span class='ocrx_word' id='word_1_249' title='bbox 17 3884 18 3895; x_wconf 62' lang='lat'>¹</span> <span class='ocrx_word' id='word_1_250' title='bbox 139 3874 243 3954; x_wconf 77' lang='lat' dir='ltr'>legere</span> <span class='ocrx_word' id='word_1_251' title='bbox 264 3874 370 3956; x_wconf 92' lang='lat' dir='ltr'>cupit,</span> <span class='ocrx_word' id='word_1_252' title='bbox 392 3872 488 3936; x_wconf 86' lang='lat' dir='ltr'>adeat</span> <span class='ocrx_word' id='word_1_253' title='bbox 508 3870 668 3934; x_wconf 87' lang='lat' dir='ltr'>editiones</span> <span class='ocrx_word' id='word_1_254' title='bbox 694 3871 877 3953; x_wconf 88' lang='lat' dir='ltr'>superiores</span> <span class='ocrx_word' id='word_1_255' title='bbox 899 3875 933 3934; x_wconf 86' lang='lat' dir='ltr'>et</span> <span class='ocrx_word' id='word_1_256' title='bbox 953 3872 1110 3953; x_wconf 89' lang='lat' dir='ltr'>majorem</span> <span class='ocrx_word' id='word_1_257' title='bbox 1132 3865 1262 3933; x_wconf 92' lang='lat' dir='ltr'>Norim·</span> 
     </span>
     <span class='ocr_line' id='line_1_38' title="bbox 17 3954 1263 4041; baseline -0.006 -18"><span class='ocrx_word' id='word_1_258' title='bbox 17 3998 18 4041; x_wconf 32' lang='lat' dir='ltr'>p</span> <span class='ocrx_word' id='word_1_259' title='bbox 140 3958 342 4041; x_wconf 80' lang='lat' dir='ltr'>bergensem,</span> <span class='ocrx_word' id='word_1_260' title='bbox 362 3959 419 4021; x_wconf 92' lang='lat' dir='ltr'>nbi</span> <span class='ocrx_word' id='word_1_261' title='bbox 445 3976 500 4021; x_wconf 88' lang='lat' dir='ltr'>eas</span> <span class='ocrx_word' id='word_1_262' title='bbox 521 3958 678 4020; x_wconf 80' lang='lat' dir='ltr'>inveniet.</span> <span class='ocrx_word' id='word_1_263' title='bbox 722 3954 761 4019; x_wconf 92' lang='lat' dir='ltr'>In</span> <span class='ocrx_word' id='word_1_264' title='bbox 786 3975 898 4020; x_wconf 91' lang='lat' dir='ltr'>earum</span> <span class='ocrx_word' id='word_1_265' title='bbox 923 3957 1030 4020; x_wconf 90' lang='lat' dir='ltr'>locum</span> <span class='ocrx_word' id='word_1_266' title='bbox 1045 3955 1128 4018; x_wconf 91' lang='lat' dir='ltr'>hanc</span> <span class='ocrx_word' id='word_1_267' title='bbox 1143 3972 1263 4017; x_wconf 88' lang='lat' dir='ltr'>novam</span> 
     </span>
     <span class='ocr_line' id='line_1_39' title="bbox 17 4039 1285 4127; baseline -0.005 -19"><span class='ocrx_word' id='word_1_268' title='bbox 17 4088 18 4096; x_wconf 50' lang='lat'>,</span> <span class='ocrx_word' id='word_1_269' title='bbox 140 4046 368 4127; x_wconf 76' lang='lat' dir='ltr'>praefationem</span> <span class='ocrx_word' id='word_1_270' title='bbox 381 4043 629 4116; x_wconf 91' lang='lat' dir='ltr'>substituimus;</span> <span class='ocrx_word' id='word_1_271' title='bbox 652 4047 686 4106; x_wconf 90' lang='lat' dir='ltr'>et</span> <span class='ocrx_word' id='word_1_272' title='bbox 713 4062 787 4125; x_wconf 74' lang='lat' dir='ltr'>quaa</span> <span class='ocrx_word' id='word_1_273' title='bbox 811 4043 850 4106; x_wconf 92' lang='lat' dir='ltr'>de</span> <span class='ocrx_word' id='word_1_274' title='bbox 872 4041 1011 4106; x_wconf 90' lang='lat' dir='ltr'>historia</span> <span class='ocrx_word' id='word_1_275' title='bbox 1030 4039 1175 4122; x_wconf 82' lang='lat' dir='ltr'>satisque</span> <span class='ocrx_word' id='word_1_276' title='bbox 1200 4041 1285 4102; x_wconf 79' lang='lat' dir='ltr'>elc·&#39;</span> 
     </span>
    </p>
   </div>
   <div class='ocr_carea' id='block_1_11' title="bbox 142 4125 1263 4212">
    <p class='ocr_par' dir='ltr' id='par_1_11' title="bbox 142 4125 1263 4212">
     <span class='ocr_line' id='line_1_40' title="bbox 142 4125 1263 4212; baseline -0.004 -19"><span class='ocrx_word' id='word_1_277' title='bbox 142 4131 250 4212; x_wconf 82' lang='lat' dir='ltr'>gantis</span> <span class='ocrx_word' id='word_1_278' title='bbox 264 4131 368 4193; x_wconf 88' lang='lat' dir='ltr'>libelli</span> <span class='ocrx_word' id='word_1_279' title='bbox 384 4131 505 4194; x_wconf 91' lang='lat' dir='ltr'>moneri</span> <span class='ocrx_word' id='word_1_280' title='bbox 518 4129 691 4207; x_wconf 88' lang='lat' dir='ltr'>debebant,</span> <span class='ocrx_word' id='word_1_281' title='bbox 713 4132 749 4192; x_wconf 91' lang='lat' dir='ltr'>in</span> <span class='ocrx_word' id='word_1_282' title='bbox 771 4147 873 4194; x_wconf 91' lang='lat' dir='ltr'>unum</span> <span class='ocrx_word' id='word_1_283' title='bbox 898 4129 1043 4200; x_wconf 89' lang='lat' dir='ltr'>collecta,</span> <span class='ocrx_word' id='word_1_284' title='bbox 1066 4125 1121 4190; x_wconf 92' lang='lat' dir='ltr'>hic</span> <span class='ocrx_word' id='word_1_285' title='bbox 1136 4125 1263 4188; x_wconf 87' lang='lat' dir='ltr'>lectori·</span> 
     </span>
    </p>
   </div>
   <div class='ocr_carea' id='block_1_12' title="bbox 17 4194 1265 4300">
    <p class='ocr_par' dir='ltr' id='par_1_12' title="bbox 17 4194 1265 4300">
     <span class='ocr_line' id='line_1_41' title="bbox 17 4194 1265 4300; baseline -0.008 -18"><span class='ocrx_word' id='word_1_286' title='bbox 17 4194 18 4269; x_wconf 56' lang='lat' dir='ltr'>i</span> <span class='ocrx_word' id='word_1_287' title='bbox 141 4215 427 4300; x_wconf 88' lang='lat' dir='ltr'>busproponenda</span> <span class='ocrx_word' id='word_1_288' title='bbox 449 4215 646 4280; x_wconf 88' lang='lat' dir='ltr'>censuimus.</span> <span class='ocrx_word' id='word_1_289' title='bbox 691 4213 923 4278; x_wconf 83' lang='lat' dir='ltr'>Praeiationem</span> <span class='ocrx_word' id='word_1_290' title='bbox 949 4234 1024 4278; x_wconf 84' lang='lat' dir='ltr'>vero</span> <span class='ocrx_word' id='word_1_291' title='bbox 1049 4213 1153 4296; x_wconf 89' lang='lat' dir='ltr'>ipsius</span> <span class='ocrx_word' id='word_1_292' title='bbox 1168 4207 1265 4273; x_wconf 87' lang='lat' dir='ltr'>Lam-</span> 
     </span>
    </p>
   </div>
   <div class='ocr_carea' id='block_1_13' title="bbox 143 4297 1263 4567">
    <p class='ocr_par' dir='ltr' id='par_1_13' title="bbox 143 4297 1263 4567">
     <span class='ocr_line' id='line_1_42' title="bbox 143 4297 1263 4384; baseline -0.01 -16"><span class='ocrx_word' id='word_1_293' title='bbox 143 4301 225 4368; x_wconf 86' lang='lat' dir='ltr'>berti</span> <span class='ocrx_word' id='word_1_294' title='bbox 248 4300 327 4379; x_wconf 89' lang='lat' dir='ltr'>Bos,</span> <span class='ocrx_word' id='word_1_295' title='bbox 349 4301 497 4366; x_wconf 80' lang='lat' dir='ltr'>secundae</span> <span class='ocrx_word' id='word_1_296' title='bbox 533 4301 613 4365; x_wconf 90' lang='lat' dir='ltr'>olim</span> <span class='ocrx_word' id='word_1_297' title='bbox 638 4300 774 4367; x_wconf 88' lang='lat' dir='ltr'>editioni</span> <span class='ocrx_word' id='word_1_298' title='bbox 800 4297 1060 4384; x_wconf 83' lang='lat' dir='ltr'>Fraueqneranae</span> <span class='ocrx_word' id='word_1_299' title='bbox 1083 4297 1263 4380; x_wconf 69' lang='lat' dir='ltr'>praefixam,</span> 
     </span>
     <span class='ocr_line' id='line_1_43' title="bbox 146 4383 1263 4477; baseline -0.008 -23"><span class='ocrx_word' id='word_1_300' title='bbox 146 4392 289 4472; x_wconf 77' lang='lat' dir='ltr'>qaedam</span> <span class='ocrx_word' id='word_1_301' title='bbox 303 4390 389 4454; x_wconf 89' lang='lat' dir='ltr'>scitu</span> <span class='ocrx_word' id='word_1_302' title='bbox 404 4389 585 4462; x_wconf 79' lang='lat' dir='ltr'>necessaria</span> <span class='ocrx_word' id='word_1_303' title='bbox 597 4388 831 4477; x_wconf 54' lang='lat' dir='ltr'>contineqem,</span> <span class='ocrx_word' id='word_1_304' title='bbox 854 4389 1003 4473; x_wconf 86' lang='lat' dir='ltr'>lectuque</span> <span class='ocrx_word' id='word_1_305' title='bbox 1017 4386 1164 4466; x_wconf 84' lang='lat' dir='ltr'>dignam,</span> <span class='ocrx_word' id='word_1_306' title='bbox 1186 4383 1263 4446; x_wconf 90' lang='lat' dir='ltr'>reti·</span> 
     </span>
     <span class='ocr_line' id='line_1_44' title="bbox 143 4473 697 4567; baseline -0.002 -26"><span class='ocrx_word' id='word_1_307' title='bbox 143 4494 228 4563; x_wconf 79' lang='lat' dir='ltr'>nere,</span> <span class='ocrx_word' id='word_1_308' title='bbox 249 4482 401 4542; x_wconf 88' lang='lat' dir='ltr'>nostrum</span> <span class='ocrx_word' id='word_1_309' title='bbox 412 4494 482 4541; x_wconf 89' lang='lat' dir='ltr'>esse</span> <span class='ocrx_word' id='word_1_310' title='bbox 495 4473 697 4567; x_wconf 86' lang='lat' dir='ltr'>putarimus.</span> 
     </span>
    </p>
   </div>
   <div class='ocr_carea' id='block_1_14' title="bbox 0 0 1598 5175">
    <p class='ocr_par' dir='ltr' id='par_1_14' title="bbox 0 0 1598 5175">
     <span class='ocr_line' id='line_1_45' title="bbox 0 0 1598 5175; baseline 0 0"><span class='ocrx_word' id='word_1_311' title='bbox 0 0 1598 5175; x_wconf 95' lang='lat' dir='ltr'> </span> 
     </span>
    </p>
   </div>
  </div>
 </body>
</html>
