<?xml version="1.0" encoding="UTF-8"?>
<!DOCTYPE html PUBLIC "-//W3C//DTD XHTML 1.0 Transitional//EN"
    "http://www.w3.org/TR/xhtml1/DTD/xhtml1-transitional.dtd">
<html xmlns="http://www.w3.org/1999/xhtml" xml:lang="en" lang="en">
 <head>
  <title>
</title>
<meta http-equiv="Content-Type" content="text/html;charset=utf-8" />
  <meta name='ocr-system' content='tesseract 3.04.00' />
  <meta name='ocr-capabilities' content='ocr_page ocr_carea ocr_par ocr_line ocrx_word'/>
</head>
<body>
  <div class='ocr_page' id='page_1' title='image "./lambertiboselli00weisgoog/lambertiboselli00weisgoog_0014.png"; bbox 0 0 3117 5175; ppageno 0'>
   <div class='ocr_carea' id='block_1_1' title="bbox 423 435 1289 512">
    <p class='ocr_par' dir='ltr' id='par_1_1' title="bbox 423 435 1289 512">
     <span class='ocr_line' id='line_1_1' title="bbox 423 435 1289 512; baseline 0.007 -6"><span class='ocrx_word' id='word_1_1' title='bbox 423 435 643 506; x_wconf 69' lang='lat' dir='ltr'><strong>inminuto</strong></span> <span class='ocrx_word' id='word_1_2' title='bbox 662 435 984 508; x_wconf 70' lang='lat' dir='ltr'><strong>SOHOE&#39;I&#39;MENII.</strong></span> <span class='ocrx_word' id='word_1_3' title='bbox 1256 449 1289 512; x_wconf 83' lang='lat' dir='ltr'><strong>xi</strong></span> 
     </span>
    </p>
   </div>
   <div class='ocr_carea' id='block_1_2' title="bbox 141 614 1284 776">
    <p class='ocr_par' dir='ltr' id='par_1_2' title="bbox 141 614 1284 776">
     <span class='ocr_line' id='line_1_2' title="bbox 141 614 1284 776; baseline 0.005 -86"><span class='ocrx_word' id='word_1_4' title='bbox 141 621 349 776; x_wconf 56' lang='lat' dir='ltr'><strong>ffibdm&#39;</strong></span> <span class='ocrx_word' id='word_1_5' title='bbox 373 641 481 708; x_wconf 88' lang='lat' dir='ltr'><strong>neque</strong></span> <span class='ocrx_word' id='word_1_6' title='bbox 504 625 651 694; x_wconf 82' lang='lat' dir='ltr'><strong>inventis</strong></span> <span class='ocrx_word' id='word_1_7' title='bbox 680 626 835 712; x_wconf 76' lang='lat' dir='ltr'>frugibus</span> <span class='ocrx_word' id='word_1_8' title='bbox 857 625 994 746; x_wconf 66' lang='lat' dir='ltr'><strong>glandes</strong></span> <span class='ocrx_word' id='word_1_9' title='bbox 1013 625 1052 693; x_wconf 85' lang='lat' dir='ltr'><strong>in</strong></span> <span class='ocrx_word' id='word_1_10' title='bbox 1073 623 1201 696; x_wconf 83' lang='lat' dir='ltr'><strong>deliciis</strong></span> <span class='ocrx_word' id='word_1_11' title='bbox 1225 614 1284 696; x_wconf 82' lang='lat' dir='ltr'><strong>be·</strong></span> 
     </span>
    </p>
   </div>
   <div class='ocr_carea' id='block_1_3' title="bbox 138 795 1288 2968">
    <p class='ocr_par' dir='ltr' id='par_1_3' title="bbox 138 795 1288 1661">
     <span class='ocr_line' id='line_1_3' title="bbox 185 795 1287 885; baseline 0.006 -24"><span class='ocrx_word' id='word_1_12' title='bbox 185 795 227 863; x_wconf 93' lang='lat' dir='ltr'><strong>ln</strong></span> <span class='ocrx_word' id='word_1_13' title='bbox 241 795 374 865; x_wconf 80' lang='lat' dir='ltr'><strong>Scholia</strong></span> <span class='ocrx_word' id='word_1_14' title='bbox 388 819 468 866; x_wconf 84' lang='lat' dir='ltr'><strong>sane</strong></span> <span class='ocrx_word' id='word_1_15' title='bbox 482 800 670 866; x_wconf 80' lang='lat' dir='ltr'><strong>merebatur</strong></span> <span class='ocrx_word' id='word_1_16' title='bbox 684 799 739 864; x_wconf 88' lang='lat' dir='ltr'><strong>hic</strong></span> <span class='ocrx_word' id='word_1_17' title='bbox 753 797 885 865; x_wconf 86' lang='lat' dir='ltr'><strong>libellus</strong></span> <span class='ocrx_word' id='word_1_18' title='bbox 894 799 1060 883; x_wconf 84' lang='lat' dir='ltr'><strong>juventuti</strong></span> <span class='ocrx_word' id='word_1_19' title='bbox 1074 803 1234 885; x_wconf 91' lang='lat' dir='ltr'><strong>majorem</strong></span> <span class='ocrx_word' id='word_1_20' title='bbox 1248 804 1287 869; x_wconf 91' lang='lat' dir='ltr'><strong>in</strong></span> 
     </span>
     <span class='ocr_line' id='line_1_4' title="bbox 139 885 1287 972; baseline 0.005 -24"><span class='ocrx_word' id='word_1_21' title='bbox 139 885 282 950; x_wconf 87' lang='lat' dir='ltr'><strong>modum</strong></span> <span class='ocrx_word' id='word_1_22' title='bbox 296 887 532 966; x_wconf 81' lang='lat' dir='ltr'><strong>commendari,</strong></span> <span class='ocrx_word' id='word_1_23' title='bbox 552 887 651 969; x_wconf 84' lang='lat' dir='ltr'><strong>longe</strong></span> <span class='ocrx_word' id='word_1_24' title='bbox 675 892 755 950; x_wconf 83' lang='lat' dir='ltr'><strong>sane</strong></span> <span class='ocrx_word' id='word_1_25' title='bbox 778 887 910 962; x_wconf 83' lang='lat' dir='ltr'><strong>melius,</strong></span> <span class='ocrx_word' id='word_1_26' title='bbox 931 907 1033 971; x_wconf 84' lang='lat' dir='ltr'><strong>quam</strong></span> <span class='ocrx_word' id='word_1_27' title='bbox 1046 887 1201 972; x_wconf 74' lang='lat' dir='ltr'><strong>syntaxis</strong></span> <span class='ocrx_word' id='word_1_28' title='bbox 1224 889 1287 955; x_wconf 85' lang='lat' dir='ltr'><strong>iiis</strong></span> 
     </span>
     <span class='ocr_line' id='line_1_5' title="bbox 139 967 1287 1058; baseline 0.004 -22"><span class='ocrx_word' id='word_1_29' title='bbox 139 967 351 1047; x_wconf 82' lang='lat' dir='ltr'><strong>Posseiians,</strong></span> <span class='ocrx_word' id='word_1_30' title='bbox 374 993 449 1058; x_wconf 81' lang='lat' dir='ltr'><strong>quae</strong></span> <span class='ocrx_word' id='word_1_31' title='bbox 474 973 539 1039; x_wconf 91' lang='lat' dir='ltr'><strong>hue</strong></span> <span class='ocrx_word' id='word_1_32' title='bbox 559 993 663 1057; x_wconf 91' lang='lat' dir='ltr'><strong>usque</strong></span> <span class='ocrx_word' id='word_1_33' title='bbox 686 978 862 1056; x_wconf 74' lang='lat' dir='ltr'>tantopere</span> <span class='ocrx_word' id='word_1_34' title='bbox 885 975 1053 1040; x_wconf 83' lang='lat' dir='ltr'><strong>celebrata</strong></span> <span class='ocrx_word' id='word_1_35' title='bbox 1077 976 1154 1040; x_wconf 86' lang='lat' dir='ltr'><strong>fuit.</strong></span> <span class='ocrx_word' id='word_1_36' title='bbox 1195 972 1287 1042; x_wconf 90' lang='lat' dir='ltr'><strong>Nam</strong></span> 
     </span>
     <span class='ocr_line' id='line_1_6' title="bbox 138 1058 1286 1145; baseline 0.003 -21"><span class='ocrx_word' id='word_1_37' title='bbox 138 1058 215 1124; x_wconf 74' lang='lat' dir='ltr'><strong>baec</strong></span> <span class='ocrx_word' id='word_1_38' title='bbox 239 1063 373 1144; x_wconf 83' lang='lat' dir='ltr'><strong>regulas</strong></span> <span class='ocrx_word' id='word_1_39' title='bbox 396 1059 524 1144; x_wconf 82' lang='lat' dir='ltr'><strong>profert</strong></span> <span class='ocrx_word' id='word_1_40' title='bbox 544 1059 616 1124; x_wconf 86' lang='lat' dir='ltr'><strong>sine</strong></span> <span class='ocrx_word' id='word_1_41' title='bbox 641 1061 783 1132; x_wconf 84' lang='lat' dir='ltr'><strong>ratione,</strong></span> <span class='ocrx_word' id='word_1_42' title='bbox 808 1066 844 1124; x_wconf 88' lang='lat' dir='ltr'><strong>et</strong></span> <span class='ocrx_word' id='word_1_43' title='bbox 866 1067 984 1126; x_wconf 85' lang='lat' dir='ltr'><strong>eontra</strong></span> <span class='ocrx_word' id='word_1_44' title='bbox 1007 1081 1139 1127; x_wconf 85' lang='lat' dir='ltr'><strong>ornnem</strong></span> <span class='ocrx_word' id='word_1_45' title='bbox 1162 1062 1286 1145; x_wconf 74' lang='lat' dir='ltr'><strong>lingum</strong></span> 
     </span>
     <span class='ocr_line' id='line_1_7' title="bbox 138 1141 1287 1231; baseline 0.006 -24"><span class='ocrx_word' id='word_1_46' title='bbox 138 1141 269 1220; x_wconf 69' lang='lat' dir='ltr'><strong>Graecae</strong></span> <span class='ocrx_word' id='word_1_47' title='bbox 285 1147 443 1222; x_wconf 85' lang='lat' dir='ltr'><strong>indoiem,</strong></span> <span class='ocrx_word' id='word_1_48' title='bbox 458 1153 525 1229; x_wconf 83' lang='lat' dir='ltr'><strong>quo</strong></span> <span class='ocrx_word' id='word_1_49' title='bbox 538 1147 586 1222; x_wconf 90' lang='lat' dir='ltr'><strong>tit,</strong></span> <span class='ocrx_word' id='word_1_50' title='bbox 603 1147 769 1229; x_wconf 79' lang='lat' dir='ltr'><strong>attingus</strong></span> <span class='ocrx_word' id='word_1_51' title='bbox 784 1144 850 1210; x_wconf 85' lang='lat' dir='ltr'><strong>ista</strong></span> <span class='ocrx_word' id='word_1_52' title='bbox 868 1146 1037 1229; x_wconf 81' lang='lat' dir='ltr'><strong>juventuti</strong></span> <span class='ocrx_word' id='word_1_53' title='bbox 1053 1148 1098 1213; x_wconf 88' lang='lat' dir='ltr'><strong>sit</strong></span> <span class='ocrx_word' id='word_1_54' title='bbox 1110 1151 1208 1231; x_wconf 79' lang='lat' dir='ltr'><strong>longe</strong></span> <span class='ocrx_word' id='word_1_55' title='bbox 1222 1149 1287 1218; x_wconf 81' lang='lat' dir='ltr'><strong>dii·</strong></span> 
     </span>
     <span class='ocr_line' id='line_1_8' title="bbox 140 1233 1287 1324; baseline 0.003 -28"><span class='ocrx_word' id='word_1_56' title='bbox 140 1233 275 1297; x_wconf 80' lang='lat' dir='ltr'><strong>ficilior.</strong></span> <span class='ocrx_word' id='word_1_57' title='bbox 320 1233 446 1298; x_wconf 80' lang='lat' dir='ltr'>Auctor</span> <span class='ocrx_word' id='word_1_58' title='bbox 458 1253 537 1297; x_wconf 82' lang='lat' dir='ltr'><strong>uero</strong></span> <span class='ocrx_word' id='word_1_59' title='bbox 550 1239 664 1298; x_wconf 86' lang='lat' dir='ltr'><strong>noster</strong></span> <span class='ocrx_word' id='word_1_60' title='bbox 678 1234 793 1324; x_wconf 77' lang='lat' dir='ltr'><strong>omnia</strong></span> <span class='ocrx_word' id='word_1_61' title='bbox 806 1233 967 1299; x_wconf 83' lang='lat' dir='ltr'><strong>facillima</strong></span> <span class='ocrx_word' id='word_1_62' title='bbox 981 1234 1221 1300; x_wconf 84' lang='lat' dir='ltr'><strong>methodorum</strong></span> <span class='ocrx_word' id='word_1_63' title='bbox 1234 1254 1287 1300; x_wconf 86' lang='lat' dir='ltr'><strong>ra-</strong></span> 
     </span>
     <span class='ocr_line' id='line_1_9' title="bbox 139 1313 1288 1406; baseline 0.003 -22"><span class='ocrx_word' id='word_1_64' title='bbox 139 1321 295 1386; x_wconf 81' lang='lat' dir='ltr'><strong>tionibus</strong></span> <span class='ocrx_word' id='word_1_65' title='bbox 341 1321 457 1393; x_wconf 85' lang='lat' dir='ltr'><strong>roiert‚</strong></span> <span class='ocrx_word' id='word_1_66' title='bbox 479 1336 563 1405; x_wconf 84' lang='lat' dir='ltr'><strong>quas</strong></span> <span class='ocrx_word' id='word_1_67' title='bbox 590 1313 753 1406; x_wconf 81' lang='lat' dir='ltr'><strong>exemplis</strong></span> <span class='ocrx_word' id='word_1_68' title='bbox 777 1321 980 1403; x_wconf 87' lang='lat' dir='ltr'><strong>optimorum</strong></span> <span class='ocrx_word' id='word_1_69' title='bbox 1003 1319 1184 1388; x_wconf 70' lang='lat' dir='ltr'><strong>ductorum</strong></span> <span class='ocrx_word' id='word_1_70' title='bbox 1212 1341 1288 1387; x_wconf 86' lang='lat' dir='ltr'><strong>oon·</strong></span> 
     </span>
     <span class='ocr_line' id='line_1_10' title="bbox 140 1404 1285 1490; baseline 0.003 -20"><span class='ocrx_word' id='word_1_71' title='bbox 140 1404 267 1472; x_wconf 85' lang='lat' dir='ltr'><strong>firmat.</strong></span> <span class='ocrx_word' id='word_1_72' title='bbox 355 1406 465 1481; x_wconf 91' lang='lat' dir='ltr'><strong>oinde‚</strong></span> <span class='ocrx_word' id='word_1_73' title='bbox 484 1425 587 1490; x_wconf 85' lang='lat' dir='ltr'><strong>quum</strong></span> <span class='ocrx_word' id='word_1_74' title='bbox 613 1407 668 1473; x_wconf 89' lang='lat' dir='ltr'><strong>hie</strong></span> <span class='ocrx_word' id='word_1_75' title='bbox 696 1405 809 1471; x_wconf 89' lang='lat' dir='ltr'><strong>omnia</strong></span> <span class='ocrx_word' id='word_1_76' title='bbox 834 1408 951 1473; x_wconf 86' lang='lat' dir='ltr'><strong>melius</strong></span> <span class='ocrx_word' id='word_1_77' title='bbox 978 1407 1097 1483; x_wconf 84' lang='lat' dir='ltr'><strong>fluant,</strong></span> <span class='ocrx_word' id='word_1_78' title='bbox 1116 1409 1285 1490; x_wconf 84' lang='lat' dir='ltr'><strong>juventuti</strong></span> 
     </span>
     <span class='ocr_line' id='line_1_11' title="bbox 141 1492 1287 1562; baseline 0.004 -6"><span class='ocrx_word' id='word_1_79' title='bbox 141 1493 352 1558; x_wconf 75' lang='lat' dir='ltr'><strong>scholasticae</strong></span> <span class='ocrx_word' id='word_1_80' title='bbox 373 1493 492 1558; x_wconf 89' lang='lat' dir='ltr'><strong>merito</strong></span> <span class='ocrx_word' id='word_1_81' title='bbox 515 1493 656 1559; x_wconf 90' lang='lat' dir='ltr'><strong>eundem</strong></span> <span class='ocrx_word' id='word_1_82' title='bbox 682 1493 891 1561; x_wconf 70' lang='lat' dir='ltr'><strong>commendat</strong></span> <span class='ocrx_word' id='word_1_83' title='bbox 904 1495 1150 1562; x_wconf 77' lang='lat' dir='ltr'><strong>Celeberrimos</strong></span> <span class='ocrx_word' id='word_1_84' title='bbox 1173 1492 1287 1561; x_wconf 87' lang='lat' dir='ltr'><strong>Helm·</strong></span> 
     </span>
     <span class='ocr_line' id='line_1_12' title="bbox 142 1575 855 1661; baseline -0.001 -17"><span class='ocrx_word' id='word_1_85' title='bbox 142 1580 362 1645; x_wconf 76' lang='lat' dir='ltr'><strong>stadiensium</strong></span> <span class='ocrx_word' id='word_1_86' title='bbox 371 1577 562 1661; x_wconf 78' lang='lat' dir='ltr'><strong>TheoIogus</strong></span> <span class='ocrx_word' id='word_1_87' title='bbox 574 1579 629 1646; x_wconf 85' lang='lat' dir='ltr'><strong>Jo.</strong></span> <span class='ocrx_word' id='word_1_88' title='bbox 643 1575 855 1653; x_wconf 44' lang='lat' dir='ltr'><strong>Fabricius&amp;</strong></span> 
     </span>
    </p>

    <p class='ocr_par' dir='ltr' id='par_1_4' title="bbox 138 1661 1288 2968">
     <span class='ocr_line' id='line_1_13' title="bbox 188 1661 1286 1752; baseline 0.003 -22"><span class='ocrx_word' id='word_1_89' title='bbox 188 1663 360 1752; x_wconf 85' lang='lat' dir='ltr'><strong>Superest,</strong></span> <span class='ocrx_word' id='word_1_90' title='bbox 382 1669 421 1730; x_wconf 86' lang='lat' dir='ltr'><strong>ut</strong></span> <span class='ocrx_word' id='word_1_91' title='bbox 433 1667 549 1751; x_wconf 84' lang='lat' dir='ltr'><strong>paucis</strong></span> <span class='ocrx_word' id='word_1_92' title='bbox 561 1662 756 1741; x_wconf 84' lang='lat' dir='ltr'><strong>indicemus,</strong></span> <span class='ocrx_word' id='word_1_93' title='bbox 777 1661 859 1749; x_wconf 90' lang='lat' dir='ltr'><strong>quid</strong></span> <span class='ocrx_word' id='word_1_94' title='bbox 879 1667 916 1729; x_wconf 88' lang='lat' dir='ltr'><strong>in</strong></span> <span class='ocrx_word' id='word_1_95' title='bbox 929 1665 993 1731; x_wconf 81' lang='lat' dir='ltr'><strong>b&#39;ao</strong></span> <span class='ocrx_word' id='word_1_96' title='bbox 1005 1685 1094 1731; x_wconf 81' lang='lat' dir='ltr'><strong>nous</strong></span> <span class='ocrx_word' id='word_1_97' title='bbox 1105 1666 1286 1733; x_wconf 70' lang='lat' dir='ltr'><strong>editiones</strong></span> 
     </span>
     <span class='ocr_line' id='line_1_14' title="bbox 144 1750 1288 1840; baseline 0.002 -22"><span class='ocrx_word' id='word_1_98' title='bbox 144 1754 246 1820; x_wconf 89' lang='lat' dir='ltr'><strong>nobis</strong></span> <span class='ocrx_word' id='word_1_99' title='bbox 261 1753 447 1838; x_wconf 71' lang='lat' dir='ltr'><strong>praestitum</strong></span> <span class='ocrx_word' id='word_1_100' title='bbox 469 1754 525 1818; x_wconf 87' lang='lat' dir='ltr'><strong>sit.</strong></span> <span class='ocrx_word' id='word_1_101' title='bbox 569 1750 607 1817; x_wconf 89' lang='lat' dir='ltr'><strong>In</strong></span> <span class='ocrx_word' id='word_1_102' title='bbox 630 1755 703 1840; x_wconf 92' lang='lat' dir='ltr'><strong>ipso</strong></span> <span class='ocrx_word' id='word_1_103' title='bbox 722 1757 818 1818; x_wconf 84' lang='lat' dir='ltr'><strong>textu</strong></span> <span class='ocrx_word' id='word_1_104' title='bbox 834 1753 988 1819; x_wconf 86' lang='lat' dir='ltr'><strong>Auctoris</strong></span> <span class='ocrx_word' id='word_1_105' title='bbox 1007 1771 1114 1838; x_wconf 80' lang='lat' dir='ltr'><strong>panea</strong></span> <span class='ocrx_word' id='word_1_106' title='bbox 1134 1753 1288 1837; x_wconf 75' lang='lat' dir='ltr'><strong>quaedam</strong></span> 
     </span>
     <span class='ocr_line' id='line_1_15' title="bbox 148 1836 1288 1912; baseline 0 -6"><span class='ocrx_word' id='word_1_107' title='bbox 148 1841 325 1906; x_wconf 83' lang='lat' dir='ltr'><strong>immutata</strong></span> <span class='ocrx_word' id='word_1_108' title='bbox 337 1845 427 1906; x_wconf 89' lang='lat' dir='ltr'><strong>sunt.</strong></span> <span class='ocrx_word' id='word_1_109' title='bbox 474 1836 585 1912; x_wconf 84' lang='lat' dir='ltr'><strong>Quum</strong></span> <span class='ocrx_word' id='word_1_110' title='bbox 599 1841 688 1907; x_wconf 91' lang='lat' dir='ltr'><strong>enim</strong></span> <span class='ocrx_word' id='word_1_111' title='bbox 703 1860 764 1906; x_wconf 88' lang='lat' dir='ltr'><strong>nos</strong></span> <span class='ocrx_word' id='word_1_112' title='bbox 780 1841 816 1904; x_wconf 90' lang='lat' dir='ltr'><strong>in</strong></span> <span class='ocrx_word' id='word_1_113' title='bbox 829 1839 976 1905; x_wconf 88' lang='lat' dir='ltr'><strong>editione</strong></span> <span class='ocrx_word' id='word_1_114' title='bbox 994 1839 1096 1905; x_wconf 85' lang='lat' dir='ltr'><strong>tertia</strong></span> <span class='ocrx_word' id='word_1_115' title='bbox 1109 1841 1288 1906; x_wconf 82' lang='lat' dir='ltr'><strong>semndam</strong></span> 
     </span>
     <span class='ocr_line' id='line_1_16' title="bbox 147 1925 1287 2012; baseline 0.001 -20"><span class='ocrx_word' id='word_1_116' title='bbox 147 1927 196 1992; x_wconf 80' lang='lat' dir='ltr'><strong>ad</strong></span> <span class='ocrx_word' id='word_1_117' title='bbox 209 1928 339 1993; x_wconf 77' lang='lat' dir='ltr'><strong>verbnm</strong></span> <span class='ocrx_word' id='word_1_118' title='bbox 352 1925 625 2010; x_wconf 84' lang='lat' dir='ltr'><strong>exprimeremus,</strong></span> <span class='ocrx_word' id='word_1_119' title='bbox 637 1945 703 1990; x_wconf 91' lang='lat' dir='ltr'><strong>non</strong></span> <span class='ocrx_word' id='word_1_120' title='bbox 712 1927 925 1992; x_wconf 82' lang='lat' dir='ltr'><strong>obseruatum</strong></span> <span class='ocrx_word' id='word_1_121' title='bbox 940 1945 963 1990; x_wconf 88' lang='lat' dir='ltr'><strong>a</strong></span> <span class='ocrx_word' id='word_1_122' title='bbox 976 1927 1074 1992; x_wconf 92' lang='lat' dir='ltr'><strong>nobis</strong></span> <span class='ocrx_word' id='word_1_123' title='bbox 1085 1926 1164 2004; x_wconf 80' lang='lat' dir='ltr'><strong>init,</strong></span> <span class='ocrx_word' id='word_1_124' title='bbox 1176 1929 1287 2012; x_wconf 88' lang='lat' dir='ltr'><strong>ipsum</strong></span> 
     </span>
     <span class='ocr_line' id='line_1_17' title="bbox 151 2011 1287 2100; baseline 0.001 -22"><span class='ocrx_word' id='word_1_125' title='bbox 151 2015 300 2098; x_wconf 74' lang='lat' dir='ltr'><strong>qumium</strong></span> <span class='ocrx_word' id='word_1_126' title='bbox 310 2014 472 2088; x_wconf 85' lang='lat' dir='ltr'><strong>omisisse,</strong></span> <span class='ocrx_word' id='word_1_127' title='bbox 486 2033 559 2096; x_wconf 84' lang='lat' dir='ltr'><strong>quae</strong></span> <span class='ocrx_word' id='word_1_128' title='bbox 572 2014 607 2078; x_wconf 88' lang='lat' dir='ltr'><strong>in</strong></span> <span class='ocrx_word' id='word_1_129' title='bbox 623 2015 730 2098; x_wconf 88' lang='lat' dir='ltr'><strong>prima</strong></span> <span class='ocrx_word' id='word_1_130' title='bbox 740 2018 907 2098; x_wconf 85' lang='lat' dir='ltr'><strong>posuerat.</strong></span> <span class='ocrx_word' id='word_1_131' title='bbox 929 2011 1044 2080; x_wconf 90' lang='lat' dir='ltr'><strong>Potuit</strong></span> <span class='ocrx_word' id='word_1_132' title='bbox 1057 2013 1144 2090; x_wconf 84' lang='lat' dir='ltr'><strong>fleri,</strong></span> <span class='ocrx_word' id='word_1_133' title='bbox 1158 2021 1199 2079; x_wconf 92' lang='lat' dir='ltr'><strong>ut</strong></span> <span class='ocrx_word' id='word_1_134' title='bbox 1213 2017 1287 2100; x_wconf 88' lang='lat' dir='ltr'><strong>ipse</strong></span> 
     </span>
     <span class='ocr_line' id='line_1_18' title="bbox 150 2095 1287 2183; baseline -0.001 -17"><span class='ocrx_word' id='word_1_135' title='bbox 150 2106 294 2166; x_wconf 84' lang='lat' dir='ltr'><strong>mentem</strong></span> <span class='ocrx_word' id='word_1_136' title='bbox 319 2100 511 2174; x_wconf 77' lang='lat' dir='ltr'><strong>mutererit,</strong></span> <span class='ocrx_word' id='word_1_137' title='bbox 542 2101 690 2183; x_wconf 79' lang='lat' dir='ltr'><strong>adeoque</strong></span> <span class='ocrx_word' id='word_1_138' title='bbox 713 2101 897 2166; x_wconf 87' lang='lat' dir='ltr'><strong>omittenda</strong></span> <span class='ocrx_word' id='word_1_139' title='bbox 924 2099 984 2165; x_wconf 88' lang='lat' dir='ltr'><strong>iila</strong></span> <span class='ocrx_word' id='word_1_140' title='bbox 1011 2100 1152 2165; x_wconf 72' lang='lat' dir='ltr'><strong>&lt;inierit</strong></span> <span class='ocrx_word' id='word_1_141' title='bbox 1196 2095 1287 2173; x_wconf 78' lang='lat' dir='ltr'><strong>Quia</strong></span> 
     </span>
     <span class='ocr_line' id='line_1_19' title="bbox 147 2183 1286 2262; baseline -0.002 -8"><span class='ocrx_word' id='word_1_142' title='bbox 147 2193 262 2254; x_wconf 81' lang='lat' dir='ltr'><strong>temen</strong></span> <span class='ocrx_word' id='word_1_143' title='bbox 274 2187 431 2262; x_wconf 78' lang='lat' dir='ltr'><strong>vidimus,</strong></span> <span class='ocrx_word' id='word_1_144' title='bbox 454 2185 589 2252; x_wconf 82' lang='lat' dir='ltr'><strong>Summe</strong></span> <span class='ocrx_word' id='word_1_145' title='bbox 603 2185 831 2253; x_wconf 81' lang='lat' dir='ltr'><strong>Reverendum</strong></span> <span class='ocrx_word' id='word_1_146' title='bbox 842 2184 1000 2252; x_wconf 86' lang='lat' dir='ltr'><strong>Woitinm</strong></span> <span class='ocrx_word' id='word_1_147' title='bbox 1010 2187 1046 2251; x_wconf 90' lang='lat' dir='ltr'><strong>in</strong></span> <span class='ocrx_word' id='word_1_148' title='bbox 1061 2183 1162 2251; x_wconf 81' lang='lat' dir='ltr'><strong>Ourts</strong></span> <span class='ocrx_word' id='word_1_149' title='bbox 1174 2184 1286 2252; x_wconf 80' lang='lat' dir='ltr'><strong>Pbtte·</strong></span> 
     </span>
     <span class='ocr_line' id='line_1_20' title="bbox 144 2271 1287 2358; baseline 0 -19"><span class='ocrx_word' id='word_1_150' title='bbox 144 2274 268 2358; x_wconf 74' lang='lat' dir='ltr'><strong>logicis</strong></span> <span class='ocrx_word' id='word_1_151' title='bbox 284 2273 328 2340; x_wconf 84' lang='lat' dir='ltr'><strong>N.</strong></span> <span class='ocrx_word' id='word_1_152' title='bbox 341 2271 383 2346; x_wconf 75' lang='lat' dir='ltr'><strong>T.</strong></span> <span class='ocrx_word' id='word_1_153' title='bbox 395 2275 496 2340; x_wconf 86' lang='lat' dir='ltr'><strong>semel</strong></span> <span class='ocrx_word' id='word_1_154' title='bbox 511 2277 613 2358; x_wconf 84' lang='lat' dir='ltr'><strong>atque</strong></span> <span class='ocrx_word' id='word_1_155' title='bbox 628 2277 748 2340; x_wconf 87' lang='lat' dir='ltr'><strong>iterum</strong></span> <span class='ocrx_word' id='word_1_156' title='bbox 763 2274 805 2338; x_wconf 90' lang='lat' dir='ltr'><strong>ad</strong></span> <span class='ocrx_word' id='word_1_157' title='bbox 822 2274 1102 2358; x_wconf 66' lang='lat' dir='ltr'><strong>dispumante,</strong></span> <span class='ocrx_word' id='word_1_158' title='bbox 1117 2273 1287 2356; x_wconf 73' lang='lat' dir='ltr'><strong>dignaiiie</strong></span> 
     </span>
     <span class='ocr_line' id='line_1_21' title="bbox 141 2358 1287 2446; baseline -0.003 -18"><span class='ocrx_word' id='word_1_159' title='bbox 141 2362 379 2446; x_wconf 80' lang='lat' dir='ltr'><strong>judicavimus,</strong></span> <span class='ocrx_word' id='word_1_160' title='bbox 400 2381 475 2445; x_wconf 82' lang='lat' dir='ltr'><strong>quse</strong></span> <span class='ocrx_word' id='word_1_161' title='bbox 488 2361 523 2424; x_wconf 89' lang='lat' dir='ltr'><strong>in</strong></span> <span class='ocrx_word' id='word_1_162' title='bbox 547 2366 676 2426; x_wconf 82' lang='lat' dir='ltr'><strong>textum</strong></span> <span class='ocrx_word' id='word_1_163' title='bbox 697 2365 942 2427; x_wconf 74' lang='lat' dir='ltr'><strong>revocarentur.</strong></span> <span class='ocrx_word' id='word_1_164' title='bbox 986 2358 1125 2425; x_wconf 81' lang='lat' dir='ltr'><strong>Festum</strong></span> <span class='ocrx_word' id='word_1_165' title='bbox 1139 2361 1287 2425; x_wconf 68' lang='lat' dir='ltr'><strong>utillud</strong></span> 
     </span>
     <span class='ocr_line' id='line_1_22' title="bbox 138 2446 1287 2522; baseline -0.002 -8"><span class='ocrx_word' id='word_1_166' title='bbox 138 2469 166 2514; x_wconf 78' lang='lat' dir='ltr'><strong>a</strong></span> <span class='ocrx_word' id='word_1_167' title='bbox 203 2449 315 2522; x_wconf 90' lang='lat' dir='ltr'><strong>nobis,</strong></span> <span class='ocrx_word' id='word_1_168' title='bbox 344 2449 402 2514; x_wconf 86' lang='lat' dir='ltr'><strong>sed</strong></span> <span class='ocrx_word' id='word_1_169' title='bbox 428 2449 492 2522; x_wconf 84' lang='lat' dir='ltr'><strong>ita,</strong></span> <span class='ocrx_word' id='word_1_170' title='bbox 513 2453 552 2512; x_wconf 94' lang='lat' dir='ltr'><strong>ut</strong></span> <span class='ocrx_word' id='word_1_171' title='bbox 574 2449 640 2514; x_wconf 76' lang='lat' dir='ltr'><strong>iiim</strong></span> <span class='ocrx_word' id='word_1_172' title='bbox 669 2446 917 2513; x_wconf 83' lang='lat' dir='ltr'><strong>observationes</strong></span> <span class='ocrx_word' id='word_1_173' title='bbox 948 2447 1046 2513; x_wconf 79' lang='lat' dir='ltr'><strong>unsis</strong></span> <span class='ocrx_word' id='word_1_174' title='bbox 1078 2447 1287 2513; x_wconf 78' lang='lat' dir='ltr'><strong>includerem·</strong></span> 
     </span>
     <span class='ocr_line' id='line_1_23' title="bbox 141 2533 1287 2612; baseline -0.003 -9"><span class='ocrx_word' id='word_1_175' title='bbox 141 2539 214 2612; x_wconf 84' lang='lat' dir='ltr'><strong>tur,</strong></span> <span class='ocrx_word' id='word_1_176' title='bbox 236 2543 274 2601; x_wconf 90' lang='lat' dir='ltr'><strong>et</strong></span> <span class='ocrx_word' id='word_1_177' title='bbox 298 2535 333 2601; x_wconf 89' lang='lat' dir='ltr'><strong>in</strong></span> <span class='ocrx_word' id='word_1_178' title='bbox 354 2535 625 2602; x_wconf 73' lang='lat' dir='ltr'><strong>annotationibus</strong></span> <span class='ocrx_word' id='word_1_179' title='bbox 641 2537 764 2602; x_wconf 84' lang='lat' dir='ltr'><strong>nostris</strong></span> <span class='ocrx_word' id='word_1_180' title='bbox 781 2533 903 2601; x_wconf 76' lang='lat' dir='ltr'><strong>lector</strong></span> <span class='ocrx_word' id='word_1_181' title='bbox 927 2533 968 2599; x_wconf 89' lang='lat' dir='ltr'><strong>de</strong></span> <span class='ocrx_word' id='word_1_182' title='bbox 993 2535 1057 2601; x_wconf 80' lang='lat' dir='ltr'><strong>beo</strong></span> <span class='ocrx_word' id='word_1_183' title='bbox 1078 2549 1116 2599; x_wconf 89' lang='lat' dir='ltr'><strong>rs</strong></span> <span class='ocrx_word' id='word_1_184' title='bbox 1136 2548 1287 2600; x_wconf 84' lang='lat' dir='ltr'><strong>monere-</strong></span> 
     </span>
     <span class='ocr_line' id='line_1_24' title="bbox 142 2620 1274 2704; baseline -0.002 -15"><span class='ocrx_word' id='word_1_185' title='bbox 142 2628 213 2689; x_wconf 87' lang='lat' dir='ltr'><strong>tnr.</strong></span> <span class='ocrx_word' id='word_1_186' title='bbox 262 2620 418 2689; x_wconf 81' lang='lat' dir='ltr'><strong>Ceterum</strong></span> <span class='ocrx_word' id='word_1_187' title='bbox 432 2626 667 2689; x_wconf 84' lang='lat' dir='ltr'><strong>annotationes</strong></span> <span class='ocrx_word' id='word_1_188' title='bbox 680 2632 810 2689; x_wconf 78' lang='lat' dir='ltr'><strong>nostm</strong></span> <span class='ocrx_word' id='word_1_189' title='bbox 822 2623 989 2697; x_wconf 82' lang='lat' dir='ltr'><strong>auximus,</strong></span> <span class='ocrx_word' id='word_1_190' title='bbox 1010 2628 1047 2686; x_wconf 83' lang='lat' dir='ltr'><strong>et</strong></span> <span class='ocrx_word' id='word_1_191' title='bbox 1070 2638 1172 2687; x_wconf 83' lang='lat' dir='ltr'><strong>noras</strong></span> <span class='ocrx_word' id='word_1_192' title='bbox 1186 2638 1274 2704; x_wconf 69' lang='lat' dir='ltr'><strong>qun</strong></span> 
     </span>
     <span class='ocr_line' id='line_1_25' title="bbox 142 2708 1284 2795; baseline 0 -20"><span class='ocrx_word' id='word_1_193' title='bbox 142 2712 241 2785; x_wconf 75' lang='lat' dir='ltr'><strong>dum,</strong></span> <span class='ocrx_word' id='word_1_194' title='bbox 263 2710 429 2795; x_wconf 73' lang='lat' dir='ltr'><strong>precipue</strong></span> <span class='ocrx_word' id='word_1_195' title='bbox 453 2709 496 2775; x_wconf 83' lang='lat' dir='ltr'><strong>sd</strong></span> <span class='ocrx_word' id='word_1_196' title='bbox 519 2709 564 2775; x_wconf 92' lang='lat' dir='ltr'><strong>N.</strong></span> <span class='ocrx_word' id='word_1_197' title='bbox 587 2708 626 2777; x_wconf 88' lang='lat' dir='ltr'><strong>T.</strong></span> <span class='ocrx_word' id='word_1_198' title='bbox 652 2710 884 2775; x_wconf 84' lang='lat' dir='ltr'><strong>illustrandum</strong></span> <span class='ocrx_word' id='word_1_199' title='bbox 905 2710 1069 2775; x_wconf 80' lang='lat' dir='ltr'><strong>iacientes</strong></span> <span class='ocrx_word' id='word_1_200' title='bbox 1082 2708 1284 2775; x_wconf 80' lang='lat' dir='ltr'><strong>addidimus.</strong></span> 
     </span>
     <span class='ocr_line' id='line_1_26' title="bbox 143 2794 1286 2881; baseline 0.001 -20"><span class='ocrx_word' id='word_1_201' title='bbox 143 2794 224 2864; x_wconf 80' lang='lat' dir='ltr'><strong>Hor</strong></span> <span class='ocrx_word' id='word_1_202' title='bbox 235 2798 461 2881; x_wconf 86' lang='lat' dir='ltr'><strong>qualicunque</strong></span> <span class='ocrx_word' id='word_1_203' title='bbox 474 2798 587 2862; x_wconf 79' lang='lat' dir='ltr'><strong>labore</strong></span> <span class='ocrx_word' id='word_1_204' title='bbox 601 2804 724 2873; x_wconf 82' lang='lat' dir='ltr'><strong>nostru,</strong></span> <span class='ocrx_word' id='word_1_205' title='bbox 747 2795 878 2872; x_wconf 80' lang='lat' dir='ltr'><strong>leston,</strong></span> <span class='ocrx_word' id='word_1_206' title='bbox 898 2798 1024 2872; x_wconf 79' lang='lat' dir='ltr'><strong>fruere,</strong></span> <span class='ocrx_word' id='word_1_207' title='bbox 1037 2801 1072 2861; x_wconf 82' lang='lat' dir='ltr'><strong>st</strong></span> <span class='ocrx_word' id='word_1_208' title='bbox 1084 2796 1182 2862; x_wconf 80' lang='lat' dir='ltr'><strong>nobis</strong></span> <span class='ocrx_word' id='word_1_209' title='bbox 1194 2796 1286 2863; x_wconf 75' lang='lat' dir='ltr'><strong>turs.</strong></span> 
     </span>
     <span class='ocr_line' id='line_1_27' title="bbox 142 2882 927 2968; baseline -0.005 -17"><span class='ocrx_word' id='word_1_210' title='bbox 142 2882 241 2951; x_wconf 77' lang='lat' dir='ltr'><strong>Dsb.</strong></span> <span class='ocrx_word' id='word_1_211' title='bbox 255 2882 393 2951; x_wconf 79' lang='lat' dir='ltr'><strong>Dreedae</strong></span> <span class='ocrx_word' id='word_1_212' title='bbox 407 2882 483 2949; x_wconf 71' lang='lat' dir='ltr'><strong>dt.</strong></span> <span class='ocrx_word' id='word_1_213' title='bbox 499 2882 641 2968; x_wconf 84' lang='lat' dir='ltr'><strong>Augusti</strong></span> <span class='ocrx_word' id='word_1_214' title='bbox 657 2901 927 2951; x_wconf 78' lang='lat' dir='ltr'><strong>ororneoxxsur.</strong></span> 
     </span>
    </p>
   </div>
   <div class='ocr_carea' id='block_1_4' title="bbox 136 3068 1283 3203">
    <p class='ocr_par' dir='ltr' id='par_1_5' title="bbox 136 3068 1283 3203">
     <span class='ocr_line' id='line_1_28' title="bbox 136 3068 1283 3203; baseline -0.001 -68"><span class='ocrx_word' id='word_1_215' title='bbox 136 3080 544 3203; x_wconf 44' lang='lat' dir='ltr'><strong>ihizdpppp&#39;rrooblgemeiuttu</strong></span> <span class='ocrx_word' id='word_1_216' title='bbox 555 3080 748 3148; x_wconf 68' lang='lat' dir='ltr'><strong>bumemungen</strong></span> <span class='ocrx_word' id='word_1_217' title='bbox 760 3094 810 3133; x_wconf 79' lang='lat' dir='ltr'><strong>m</strong></span> <span class='ocrx_word' id='word_1_218' title='bbox 829 3076 1020 3146; x_wconf 62' lang='lat' dir='ltr'><strong>verberarentur</strong></span> <span class='ocrx_word' id='word_1_219' title='bbox 1035 3068 1079 3133; x_wconf 80' lang='lat' dir='ltr'><strong>det</strong></span> <span class='ocrx_word' id='word_1_220' title='bbox 1100 3071 1283 3134; x_wconf 66' lang='lat' dir='ltr'><strong>Scitum</strong></span> 
     </span>
    </p>
   </div>
   <div class='ocr_carea' id='block_1_5' title="bbox 0 0 1566 5175">
    <p class='ocr_par' dir='ltr' id='par_1_6' title="bbox 0 0 1566 5175">
     <span class='ocr_line' id='line_1_29' title="bbox 0 0 1566 5175; baseline 0 0"><span class='ocrx_word' id='word_1_221' title='bbox 0 0 1566 5175; x_wconf 95' lang='lat' dir='ltr'><strong> </strong></span> 
     </span>
    </p>
   </div>
  </div>
 </body>
</html>
