3117 5175
506 887 512 902 ’
583 846 1084 979 PRAEFATIO

396 1038 401 1045 ⁴
462 1098 839 1231 sorrrours
899 1094 1209 1200 nuruum.

465 1329 470 1337 ⁴
596 1308 788 1381 tucrum
809 1310 1074 1379 ΦΙΛΕΛΛΗΝΙ

823 1462 856 1523 S.

518 1608 602 1687 JO.
641 1608 733 1689 FR.
774 1606 1158 1687 LEISNERUS.

705 1906 982 1925 Μ

275 2078 566 2176 GRAECARUM
594 2103 766 2169 literarum
800 2104 948 2171 studium
986 2103 1068 2169 satis
1105 2102 1173 2166 late
1201 2105 1312 2166 nostro
1348 2100 1410 2165 hoc

272 2198 422 2276 tempore
442 2190 658 2275 efflorescere,
683 2209 827 2271 suosque
851 2192 883 2255 ei
908 2210 975 2255 non
990 2194 1095 2255 solum
1111 2188 1299 2253 laudatores
1324 2208 1409 2259 esse,

273 2279 503 2343 verumetiam
516 2278 670 2350 cultores,
693 2278 745 2341 vel
768 2278 823 2341 hic
844 2278 885 2339 de
909 2278 1020 2360 ellipsi
1035 2276 1151 2341 Graeca
1172 2273 1302 2339 libellus
1316 2274 1410 2357 signo

273 2370 340 2445 eet,
357 2382 457 2447 quern
468 2369 539 2429 tarn
552 2364 781 2429 avideemtum
795 2382 817 2426 a
839 2362 1030 2427 Graecorum
1053 2364 1227 2427 literarum
1254 2362 1412 2427 studiosis

270 2456 419 2524 constat,
440 2455 480 2515 ut
506 2452 632 2534 quinta
659 2451 731 2530 ejus
759 2450 899 2515 editioni
914 2469 1042 2529 ,manus
1068 2448 1273 2513 admovenda
1297 2447 1410 2511 luerit.

270 2532 347 2606 Etsi
372 2555 449 2602 acro
473 2533 590 2602 lamb.
616 2532 695 2612 Bos,
713 2541 748 2600 et
770 2532 894 2602 Christ.
921 2535 1185 2619 Schoetlgenius,
1206 2537 1268 2600 uiri
1291 2534 1414 2598 doctis·

276 2625 369 2698 simi,
383 2630 418 2688 et
440 2622 482 2687 de
496 2621 620 2688 Graecis
642 2623 749 2686 literis
762 2625 918 2706 praeclare
932 2625 1054 2695 meriti,
1078 2625 1161 2688 nihil
1177 2620 1413 2708 propemodum
1452 2677 1485 2700 ,,

274 2710 401 2794 reliqui
413 2709 568 2788 iecerint,
582 2707 670 2792 quod
679 2709 861 2792 pertineret
870 2711 914 2774 ad
929 2711 1014 2776 hanc
1023 2710 1065 2774 de
1079 2711 1189 2794 ellipsi
1208 2709 1325 2774 Graecu
1338 2707 1414 2770 doc·

272 2799 402 2869 ‚trinam
426 2795 687 2879 perpetiendum,
708 2803 822 2862 tamen
849 2799 907 2862 ubi
937 2798 1093 2862 librarius
1121 2796 1295 2863 consilium
1317 2793 1413 2858 uobis

278 2901 378 2948 suum
403 2880 446 2944 dc
471 2880 662 2946 adornanda
685 2901 772 2948 nova
795 2883 891 2966 hujus
921 2885 1024 2950 libelli
1048 2885 1193 2949 editione
1215 2879 1414 2966 aperuisset,

278 2969 477 3034 videbamur
490 2967 587 3043 nobis
601 2987 644 3032 ex
655 2968 798 3034 lectione
811 2991 938 3046 eorum,
959 2989 1033 3054 qua
1048 2969 1207 3036 Kustcrus
1229 2971 1271 3032 ad
1286 2967 1415 3032 Aristo·

276 3053 437 3140 phanem,
459 3051 617 3120 Dukems
630 3053 674 3120 ad
686 3051 925 3138 Thucydidem,
948 3053 1103 3123 Clarkius
1117 3057 1159 3124 ad
1171 3054 1366 3126 Homerum,
1382 3060 1416 3116 et

279 3147 401 3224 prater
410 3141 471 3202 hos
484 3135 620 3205 Jensius
632 3148 667 3206 et
681 3141 841 3208 Auemreo
853 3145 1120 3209 observationum
1134 3143 1418 3208 miscellaneamm

280 3228 411 3309 passim
423 3224 621 3300 docuerunt,
642 3247 684 3290 ea
695 3227 850 3294 didicisse
864 3239 898 3294 et
917 3230 1118 3301 observasse,
1141 3229 1262 3311 quibus
1277 3227 1416 3291 utilitati

278 3313 443 3376 lectorum
465 3314 604 3390 consuli,
625 3315 788 3396 simulque
809 3316 852 3379 ad
872 3317 1186 3382 commendationem
1210 3321 1245 3378 et
1273 3315 1418 3396 gratiam

279 3415 375 3462 norro
390 3398 526 3481 hujusce
538 3397 844 3487 editiou'uconierri
858 3403 985 3484 aliquid
996 3408 1117 3486 posset.
1146 3401 1302 3466 Precibus
1317 3400 1422 3480 igitur

281 3485 426 3559 librarii,
446 3484 622 3569 cupientis,
635 3490 675 3549 ut
689 3488 791 3552 etiarn
806 3506 894 3554 nunc
908 3489 961 3554 hic
976 3490 1107 3554 libellus
1121 3495 1251 3571 partem
1271 3487 1421 3572 aliquam

281 3578 401 3638 noma
415 3589 515 3654 opera
548 3570 655 3636 lenior
664 3575 861 3658 auctiorquc
874 3575 1032 3660 prodiret,
1043 3576 1157 3640 deesse
1171 3575 1349 3640 noluimus.
1377 3565 1424 3634 Et

282 3677 325 3722 eo
338 3657 517 3758 studiosius
524 3591 593 3724 boc
605 3659 776 3740 negotium
786 3661 1004 3745 suscepimus,
1022 3662 1111 3744 quod
1125 3663 1248 3726 multos
1261 3659 1425 3736 doctores,

281 3763 405 3830 eosque
417 3763 485 3814 nou
499 3743 606 3809 intimi
618 3744 754 3826 ordinis,
768 3765 835 3812 uon
848 3749 918 3812 sine
931 3767 1049 3812 caussa
1062 3749 1260 3832 permultum
1280 3745 1358 3810 huic
1379 3743 1425 3808 de

282 3832 396 3914 ellipei
409 3827 528 3894 Graeoa
541 3829 700 3896 doctriua
715 3833 861 3898 tribuere
876 3835 1151 3914 intelligebamus
1196 3831 1292 3906 Quod
1317 3833 1345 3895 si
1371 3831 1423 3894 illi

285 3913 411 3982 Graes
424 3917 546 3998 lingua
562 3918 733 4000 ingenium
743 3938 840 3984 nosse
855 3921 995 4004 putandi
1009 3929 1133 3995 essent,
1156 3923 1214 4005 qui
1226 3921 1426 3984 immensam

284 4002 520 4070 vocabulorum
533 4004 600 4067 vim
622 4003 672 4070 ita
685 4007 845 4069 memoria
858 4013 984 4083 tenent,
1006 4015 1057 4080 ut,
1073 4027 1147 4092 quse
1161 4009 1212 4070 vis
1233 4004 1300 4069 illis
1322 4006 1367 4068 sit
1387 4011 1427 4068 et

283 4095 433 4176 potestas
446 4090 606 4182 subjectu,
627 4092 699 4156 uine
714 4092 937 4167 hesitatione,
958 4101 1060 4181 atque
1075 4097 1146 4158 sine
1159 4093 1228 4158 ulla
1242 4110 1335 4156 mora
1349 4109 1429 4174 per-

284 4177 441 4261 spiciant,
462 4178 496 4238 et
519 4177 615 4260 quusi
639 4179 675 4242 in
698 4185 871 4244 numerato
886 4181 1053 4254 habeant;
1076 4181 1225 4265 proiecto
1240 4197 1355 4242 omues
1372 4175 1426 4240 illi

280 4261 450 4346 juventuti
465 4259 622 4344 iujuriam
635 4265 858 4346 injungerent,
881 4268 977 4352 eique
990 4275 1115 4332 temere
1127 4286 1167 4330 ac
1179 4271 1298 4349 praeier
1311 4281 1423 4328 neces·

203 4421 209 4430 ,
285 4351 421 4414 uitatem
441 4347 628 4412 molestiam
646 4351 852 4426 exhiberent,
886 4354 943 4438 qui
968 4369 1042 4418 eam
1067 4351 1111 4418 ad
1137 4353 1234 4425 alios,
1260 4369 1359 4436 quarn
1378 4348 1424 4411 ad

283 4431 421 4507 Iaexica,
442 4434 545 4498 libros
555 4437 784 4512 amandarent,
794 4459 921 4524 egoque
934 4441 1087 4504 omnibus
1102 4439 1290 4503 doctoribus
1306 4439 1425 4500 auctor

282 4539 402 4599 casem,
424 4524 475 4598 ut,
498 4522 656 4608 quicquid
680 4524 883 4609 reliquorum
907 4527 1065 4591 librorum
1089 4532 1154 4606 est,
1176 4525 1217 4588 de
1241 4539 1424 4606 puerorum

170 4643 177 4650 ·
282 4608 439 4673 manibus
451 4614 656 4684 excuterent,
677 4610 912 4676 denunciarem
935 4634 976 4678 ue
990 4613 1183 4684 identidem,
1198 4611 1276 4674 solis
1292 4607 1426 4673 lexicis

281 4713 429 4762 nosesse
453 4695 765 4796 contentosdebere,
788 4634 1014 4766 ceterlsiibris
1040 4701 1081 4766 de
1102 4699 1224 4782 ellipsi,
1250 4697 1291 4760 dc
1309 4693 1424 4760 verbis
