3117 5175
443 379 493 446 IN
512 379 668 446 GRAEOA
686 377 857 444 alueus,
1160 371 1225 442 lle

99 549 330 620 intirmorum
351 569 535 620 sermonem
563 554 738 638 paullatim
765 548 961 624 insinuavit,
981 555 1021 615 ut
1045 567 1141 616 nemo
1162 550 1219 615 de-

98 640 178 714 inde,
194 641 246 707 his
258 641 412 712 formulis
425 648 535 715 utens,
550 642 635 706 unde
650 645 867 713 ormensul,
893 639 1064 718 cogitaret.
1108 633 1220 710 Quare

98 729 176 790 recte
190 728 331 803 iaciunt,
346 729 403 809 qui
420 728 517 803 ἀκμὴν
532 747 630 814 quam
642 727 791 807 muaime,
814 735 849 790 et
864 723 961 808 ἀρχὴν
974 721 1103 788 omnino
1117 723 1220 806 signi·

96 813 184 879 ficare
198 815 325 890 dicunt,
341 815 438 878 modo
447 834 487 878 na
503 814 749 902 obliviscantur,
763 814 793 880 si
808 832 891 898 opus
903 819 965 894 est,
978 831 1089 878 reram
1103 808 1221 877 harum

93 901 318 982 loquutionum
331 903 493 984 originem
509 901 666 966 indicare.
1315 981 1318 986 ,

132 981 243 1054 Unam
266 990 373 1052 adhuc
398 991 536 1052 classem
561 989 785 1074 exemplorum
810 986 1035 1062 consectsbor,
1067 980 1157 1070 quod
1182 1003 1224 1049 aa

91 1074 198 1156 paullo
213 1073 342 1140 ridetur·
363 1075 554 1160 impeditior
568 1089 660 1140 esse:
685 1075 752 1138 haec
766 1075 854 1148 dico,
878 1075 1050 1155 inquibus
1067 1071 1092 1141 ὂ,
1119 1069 1152 1146 ἃ,
1175 1069 1237 1145 ri,

91 1169 196 1234 retra,
210 1181 270 1244 pro
285 1162 316 1225 δι’
338 1161 363 1236 ὃ,
388 1161 421 1224 δι’
450 1159 482 1236 ἃ,
507 1159 552 1224 iel
580 1169 678 1235 τοῦτο,
701 1161 747 1223 tui
772 1168 882 1233 ταῦτα,
906 1166 939 1224 et
954 1160 1108 1225 similiter
1123 1159 1224 1221 etiam

90 1245 172 1330 ἅπερ,
188 1247 253 1322 iius,
268 1248 378 1334 cidare,
399 1247 446 1312 oiri
461 1273 492 1312 τε
508 1249 573 1312 dici
589 1254 730 1332 putent:
755 1263 786 1310 1.
811 1245 941 1330 11421.
965 1245 1040 1310 422.
1083 1241 1127 1310 Et
1144 1260 1224 1308 sane

89 1338 285 1413 pronomina
306 1337 373 1398 ieta
397 1335 590 1419 plerumque
614 1335 845 1407 adverbiorum
869 1335 940 1398 loco
954 1341 1044 1406 suut,
1066 1330 1225 1412 aedquae·

89 1422 188 1494 renti,
212 1423 376 1502 quomodo
398 1422 464 1486 hoo
487 1423 613 1486 lactum
640 1423 693 1499 sit,
716 1440 782 1485 non
807 1422 946 1504 ellipsis,
975 1439 1090 1484 verum
1117 1419 1224 1482 multo
1314 1422 1317 1433 '

88 1507 218 1585 plenior
233 1509 319 1572 ratio
334 1527 406 1572 sese
419 1507 543 1574 offeret.
567 1505 668 1572 Initio
682 1509 772 1572 enim
788 1509 856 1572 hae
869 1527 999 1591 quoque
1012 1506 1223 1590 pronomina,

87 1593 137 1654 uti
153 1593 330 1668 debebant,
353 1615 428 1660 cum
454 1595 554 1660 uerbo
578 1597 874 1662 construebantur:
898 1602 936 1658 nt
951 1591 1047 1657 Iliad.
1080 1588 1121 1654 Γ.
1150 1585 1222 1654 176.

84 1675 192 1740 Ἀλλὰ
207 1682 272 1754 τίν’
288 1686 337 1743 οὐκ
352 1683 485 1755 ἐγένοντο·
510 1681 544 1746 τὸ
559 1681 607 1744 καὶ
622 1685 761 1746 κλαίουσα
777 1685 900 1748 τέτοκα·
916 1681 1026 1757 idest,
1042 1698 1138 1765 quam
1161 1697 1224 1762 ego

84 1782 153 1826 rem
184 1763 301 1848 defletis
329 1768 521 1834 contabesco.
566 1765 741 1852 Euripides
772 1771 806 1834 ln
836 1765 1049 1833 Phasmate.
1092 1761 1143 1828 Ta
1169 1765 1223 1836 μὲν
1235 1763 1294 1832 170

84 1857 229 1936 πυλωρῶν
243 1849 366 1936 κλεῖθρα
379 1859 412 1926 μ’
428 1853 577 1932 ἐξεδέξατο
590 1855 641 1918 Δι’
659 1857 818 1935 εὐπετείας,
834 1859 954 1936 τειχέων
969 1855 1025 1916 ἴσον
1038 1857 1147 1926 μολεῖν·
1173 1847 1222 1913 ’Ὀ

85 1935 135 1996 καὶ
151 1933 270 2008 δέδοικα,
285 1938 331 2012 μή
346 1964 385 2009 με
400 1939 517 2005 δικτύων
528 1943 582 2004 ico
594 1943 756 2017 Λαβόντες,
772 1946 805 2004 οὐ
815 1939 925 2016 ,esdad
941 1942 1119 2013 ἀναίμακτον
1129 1939 1221 2022 χρόα.
1264 1935 1272 1952 ,

82 2017 121 2084 ld
137 2029 201 2097 θεῖ,
224 2020 515 2108 quodegonoetuo,
539 2029 639 2108 idque
663 2031 735 2110 jam
759 2030 959 2112 explicatur,
982 2026 1149 2107 qualesit,
1173 2043 1224 2088 se·

83 2107 263 2188 quebtibus
278 2110 394 2176 verbis.
432 2107 631 2191 Huiusmodi
647 2115 1041 2193 igiturconstructiouum
1055 2111 1222 2194 frequenti

82 2214 148 2260 usu
178 2195 248 2259 fieri
276 2214 342 2258 non
370 2198 489 2277 potuit,
509 2198 590 2276 quin
611 2217 794 2282 pronomen
823 2201 1017 2283 simpliciter
1047 2217 1145 2286 quare
1169 2197 1221 2262 rel

78 2281 1223 2450 dittttltlttt‘lttditilitittllllltttt‘dt’

816 2416 825 2432 ·
1211 2413 1222 2444 ν

81 2456 157 2518 Xiv.
172 2453 203 2518 3.
227 2450 323 2518 Ταῦτ’
346 2451 401 2538 ἄρα
423 2453 541 2528 λεπτὸς,
565 2452 621 2518 Xe
644 2455 762 2531 μύσταξ
784 2455 880 2520 πολὺς
906 2392 999 2534 rubros,
1014 2458 1168 2522 οἶϋσταλέοι
1188 2482 1222 2519 τε

82 2543 209 2619 aterna,
224 2541 258 2605 in
279 2559 343 2621 quo
358 2541 429 2606 loco
453 2545 604 2605 ἀϋσταλέοι
619 2543 829 2607 scribendum
843 2543 928 2608 uidit
942 2543 1084 2623 egregie
1101 2541 1223 2615 indolis

78 2628 229 2708 juvenis,
246 2626 415 2709 Augustus
430 2625 656 2691 Ferdinandus
671 2627 823 2693 Naehius.

129 2711 309 2787 Ceterum,
340 2714 427 2795 quod
448 2716 482 2779 in
508 2714 583 2777 aliis
598 2715 765 2797 ellipsium
790 2713 964 2796 generibus
985 2714 1110 2794 tactum
1139 2712 1224 2777 ridi·

80 2820 174 2871 mus,
190 2807 229 2864 ut
243 2804 343 2865 etiam
357 2802 456 2866 slierii
472 2800 524 2865 rel
550 2802 696 2883 corrupti
711 2802 775 2865 loci
800 2800 842 2863 ad
856 2819 913 2863 eas
927 2800 1058 2884 ellipses
1084 2800 1224 2868 tuendas
1302 2818 1306 2823 ’

80 2888 334 2961 adhiberentur,
360 2888 394 2949 id
418 2886 453 2950 in
479 2887 542 2951 hoc
565 2906 697 2969 quoque
711 2906 832 2968 genere
854 2887 979 2951 factum
1001 2894 1061 2950 est.
1107 2882 1223 2951 Unum

79 2994 125 3037 ex
143 2973 194 3037 his
209 2973 299 3047 locis,
325 2974 382 3053 qul
409 2972 580 3055 Sophoclis
593 2981 645 3039 est
670 2977 704 3037 in
720 2972 916 3051 Philocteta,
940 2992 973 3057 p.
1001 2970 1078 3035 444.
1098 2992 1117 3035 e
1134 2972 1239 3036 mala'

79 3058 236 3123 Triclinii
262 3058 487 3123 emendatione
513 3062 664 3133 allatum,
682 3059 754 3145 jam
783 3078 882 3143 supra
908 3060 1137 3142 explicuimus.
1182 3054 1222 3125 In

79 3144 258 3228 Euripidis
274 3143 383 3229 Ipbig.
399 3143 565 3211 14111235.
582 3144 707 3230 11448.
734 3143 798 3209 Kal
808 3149 890 3231 ripas
904 3148 957 3219 μὲν
972 3143 1005 3213 ἦν
1022 3142 1127 3221 Δεξιὸν
1138 3146 1221 3208 ωλοὶ·
1293 3214 1296 3218 7

79 3259 141 3297 τας
156 3232 234 3313 ’ἔχων
250 3230 400 3305 hiidem,
416 3236 430 3295 ὃ
445 3230 634 3317 Μυρμιδόνων
649 3232 758 3317 Ἄρος,
773 3230 959 3313 Muegravii
977 3233 1220 3315 interpreiniiO,

79 3320 210 3383 πλάτας
225 3338 283 3402 pro
306 3321 493 3385 accusativo
520 3321 686 3393 habentis,¹
711 3321 816 3384 multo
837 3326 925 3383 certe
949 3318 1141 3402 impeditior
1156 3325 1217 3394 est,

79 3424 188 3487 quum
203 3406 356 3480 aliorum,
380 3408 437 3489 qui
461 3408 584 3469 πλάτας
602 3409 786 3489 genitivum
810 3424 882 3469 esse
898 3411 1030 3488 putant.
1075 3402 1166 3477 Quos
1188 3407 1286 3474 11171

79 3497 245 3574 sequutus
271 3500 366 3567 eust,
390 3490 617 3573 Musgravius,
645 3512 749 3576 neque
779 3494 813 3555 in
840 3491 989 3575 Supplic.
1023 3488 1097 3567 659.
1132 3490 1219 3569 δεξιὸν

68 3582 279 3657 ,τεταγμένους
304 3584 398 3663 κέρας,
421 3598 527 3659 neque
552 3582 587 3644 in
612 3576 777 3645 Heracliti.
802 3576 874 3641 672.
897 3577 976 3639 λαιὸν
998 3576 1113 3645 inmari
1136 3580 1220 3662 κε’ροις
1306 3579 1308 3582 ’

75 3685 145 3748 per
160 3665 294 3748 ellipsin
318 3666 560 3749 prepositionis
572 3668 797 3751 explicuisset,
818 3665 875 3729 sed
901 3663 1001 3727 verba
1024 3668 1219 3739 τεταγμένους

75 3758 114 3815 et
142 3750 258 3816 ἕστηκεν
283 3771 344 3835 pro
373 3753 514 3835 simplici
528 3755 629 3818 uerbo
652 3754 730 3835 ἔχειν
755 3753 891 3816 vidisset
914 3752 1026 3835 posita
1048 3770 1130 3822 esse,
1164 3750 1217 3815 Si-

76 3838 186 3911 millr,
207 3838 264 3901 sed
291 3839 531 3919 quodammodo
557 3846 667 3905 tarnen
686 3841 818 3903 diversa
837 3840 1035 3924 permutatio
1050 3840 1086 3903 in
1112 3832 1216 3901 Rhesi

76 3924 155 3986 loco
170 3928 220 3987 est
232 3942 330 4005 quem
353 3926 518 4008 adjungit,
535 3946 562 3991 1.
588 3925 663 3991 486.
705 3924 796 3991 Ἀλλ’
820 3927 876 3989 εἴτε
890 3924 981 3999 λαιὸν,
997 3924 1054 3996 εἴτε
1070 3921 1156 3997 δεξιὸν
1170 3924 1216 3983 si·

76 4034 148 4093 par,
171 4006 237 4073 Ele·
267 4014 293 4075 ἐν
315 4014 422 4085 μέσοισι
444 4014 625 4095 συμμάχοις,
648 4014 774 4098 πάρεστι’
804 4038 843 4075 σοι
875 4008 999 4079 Πέλτην
1032 4014 1133 4094 ἐρεῖσαι
1166 4005 1215 4067 καὶ

75 4100 263 4160 καταστῆσαι
292 4099 424 4183 στρατὸν,
446 4100 503 4163 ubi
528 4106 628 4183 poeta
653 4106 756 4181 quuin
782 4100 860 4180 ’ἔχειν
885 4099 936 4162 vel
951 4100 1060 4163 simile
1072 4092 1153 4176 quid
1178 4092 1215 4155 in

77 4185 195 4243 mente
211 4180 390 4265 habuisset,
412 4204 486 4249 mox
502 4190 610 4252 mutat
623 4188 907 4263 constructionem.
953 4184 1072 4263 Neque
1093 4178 1214 4243 Sebae-

78 4266 178 4329 ferus
201 4285 235 4349 p.
261 4266 334 4333 426.
379 4270 550 4355 Sophoclis
576 4276 677 4339 verba
700 4275 735 4337 in
757 4271 857 4355 Aiace
872 4295 904 4336 v.
919 4270 994 4334 516.
1019 4266 1136 4331 afferre
1157 4266 1214 4329 de-

29 4376 46 4383 ·
77 4353 205 4417 bebai:
225 4352 271 4418 ‘H
285 4362 370 4443 μοῖρα
386 4358 433 4420 τὸν
446 4363 577 4439 φύσαντά
601 4386 639 4435 με
656 4357 806 4423 Koubaita
822 4360 890 4443 ᾅδου
911 4355 1088 4426 θανασίμους
1101 4352 1214 4422 sindro-

74 4463 147 4523 ρας,
169 4444 333 4522 quomodo
355 4462 413 4507 nec
441 4445 597 4527 loquutus
624 4450 798 4529 quisquam
825 4452 877 4513 est
900 4456 1068 4521 nmquam,
1094 4440 1214 4504 necio-

75 4525 142 4605 qui
163 4530 280 4611 potuit.
326 4527 510 4619 Corruptus
532 4540 583 4597 eet
604 4536 667 4599 iste
691 4536 798 4599 locus:
823 4532 880 4597 sed
907 4531 968 4593 hoc
992 4534 1215 4612 repertumst,

74 4612 184 4681 rerba
210 4612 390 4695 θανασίμους
402 4620 563 4707 detrun,
583 4626 622 4687 ut
642 4620 722 4687 dibi
744 4621 1010 4745 docuimue,·per
1024 4615 1215 4765 2appoutio

978 4722 1001 4767 u
