3117 5175
314 397 376 478 190
593 400 650 468 nu
669 325 829 469 amarat
846 396 903 464 Ἠ
920 339 1176 465 emoussuo

310 575 407 652 etesi,
427 570 549 643 lrt'ntv
567 573 725 659 παρουσίαν
739 575 793 646 svis
805 573 935 648 belnam
949 570 1006 641 risi
1026 570 1135 656 τρὸμόυ
1148 557 1378 631 immutire·
1402 555 1446 622 διδ

310 660 357 726 uel
365 648 569 746 Tgsmbotvea
578 659 732 733 κληθῆναι.
754 691 758 704 ·
777 661 828 725 Au
840 663 943 725 etiarn
958 657 994 724 io
1009 657 1068 722 boc
1083 673 1180 718 versu
1192 645 1286 736 Φαντῖ
1296 643 1444 730 ιιιἮμ·

273 744 276 752 ’
309 749 459 830 κλῆϊβίαν
474 745 636 832 ulmeos
651 746 764 832 ipioiev,
781 745 1083 828 &iintelligendum
1095 737 1285 825 putabunt?
1315 731 1443 798 Parum

309 829 421 910 differt
436 831 634 917 aStephani
649 835 721 898 loeo
737 836 798 900 hoe
813 833 988 920 Sophoclis
1000 834 1035 895 in
1050 821 1148 896 initio
1164 823 1351 906 Antigone:
1362 817 1438 904 'Ap'

310 908 383 983 οἷσθ’
400 917 443 991 ὅτι
466 917 544 1000 Ζεὺς
566 927 623 985 τῶν
640 925 693 985 ar’
714 919 842 986 Οἰδίπου
862 926 956 986 κακῶν
970 914 1093 984 ‘Onetor
1115 913 1186 996 οὐχὶ
1212 920 1262 997 νῷν
1279 911 1320 973 ’ἔτι
1341 905 1439 992 ζῦῦω

311 1010 410 1080 τελεῖς
435 1005 599 1074 Oaeterum
623 1005 730 1073 Greci
757 1009 912 1072 similiter
937 1007 1039 1071 etiem
1063 1004 1149 1068 alias
1163 998 1343 1083 particulas
1365 1013 1438 1061 cuo·

245 1089 454 1172 196atruunt,
471 1101 510 1158 ut
531 1093 591 1158 tersi
606 1101 640 1158 et
660 1093 755 1161 nair:
778 1093 958 1178 Sophocles
973 1095 1009 1157 in
1033 1083 1164 1154 Electra
1187 1106 1220 1151 v.
1242 1081 1318 1149 352
1355 1072 1439 1144 'Etsi

311 1176 430 1254 δίδαξον.
475 1177 769 1247 uersarentur.
812 1179 903 1246 Πλὴν
918 1177 982 1256 ἐμοὶ
1004 1173 1441 1261 πικρὰςὨδῒνιςαὺπῦψο·

310 1262 409 1337 βολῶν
423 1270 610 1348 deciperem
637 1266 694 1332 Sic
709 1266 755 1330 ibi
771 1267 987 1333 scribendum·
1434 1339 1443 1356 .

353 1351 418 1416 Sed
431 1352 557 1419 dictum
570 1359 617 1418 est
632 1354 714 1429 salis
724 1353 765 1416 de
779 1355 900 1437 ellipsi.
943 1350 1063 1434 Neque
1075 1352 1178 1426 enim.
1202 1366 1279 1432 quea
1293 1347 1334 1445 io·
1348 1335 1445 1407 Bosir
1547 1394 1549 1397 .

312 1438 396 1502 libro
409 1438 450 1504 de
464 1439 575 1523 ellipsl
590 1441 734 1522 plurium
751 1443 924 1507 verborum
945 1439 1075 1520 adjecta
1100 1443 1191 1510 sunt,
1218 1436 1366 1514 attingat
1379 1449 1442 1494 no·

314 1524 365 1602 bis
389 1526 569 1608 quisquam
593 1528 717 1610 cupiet,
742 1546 884 1608 quorum
912 1526 1058 1591 maxima
1089 1542 1169 1608 pars
1191 1521 1365 1585 manitesto
1394 1515 1441 1578 ad

311 1611 521 1697 aposiopesin
537 1615 713 1696 perducat,
728 1615 981 1693 reliquaautem
1003 1620 1074 1676 tam
1096 1613 1165 1678 siut
1186 1610 1314 1690 inepta,
1339 1612 1445 1668 utne·
1547 1562 1549 1653 l

312 1699 406 1772 mini,
421 1700 479 1780 qui
495 1719 576 1766 sana
585 1702 714 1769 ratione
729 1704 853 1774 utatis,
868 1701 996 1784 placere
1010 1695 1150 1783 possint.
1182 1691 1346 1760 &strum
1359 1689 1450 1789 quod

312 1801 442 1858 omnem
457 1791 603 1850 nostram
617 1787 877 1869 disputationem
892 1789 925 1851 in
937 1784 1230 1868 hisacriptoribus.
1243 1779 1449 1862 <luiproIam

312 1878 484 1948 voeanmr,
509 1874 689 1938 consistere
715 1874 889 1945 voluimus,
909 1874 978 1936 iuec
998 1890 1116 1938 mussa
1136 1875 1200 1942 est,
1221 1867 1311 1951 quod
1336 1882 1451 1928 sacros

314 1951 579 2025 Christianorum
594 1960 707 2034 libros,
718 1979 828 2024 cereos
842 1960 930 2026 flecti
943 1958 1161 2040 quorumdam
1174 1956 1318 2030 artibus,
1341 1970 1450 2032 neque

310 2045 396 2123 juris
412 2047 514 2112 nostri
538 2045 709 2112 videbatur
730 2047 907 2128 attingere,
930 2064 991 2110 nec
1012 2045 1170 2118 scientie.
1216 2040 1317 2115 Quod
1339 2040 1371 2102 si
1393 2037 1448 2118 qui

312 2130 400 2194 forte
415 2137 512 2196 erunt
527 2133 683 2212 theologi,
700 2133 759 2214 qui
776 2153 837 2198 nos
848 2133 971 2213 aliquid
987 2133 1056 2196 veri
1070 2131 1196 2196 dixisse
1209 2127 1376 2198 indicent,
1393 2126 1450 2186 boa

312 2217 400 2281 vlam
411 2235 581 2299 speramus
595 2221 788 2284 inventuros
802 2238 958 2300 ossaque
970 2219 1073 2282 etiam
1093 2217 1325 2300 spostolmum
1345 2230 1446 2276 senno

311 2301 354 2366 ab
368 2303 444 2376 latis
458 2304 627 2386 ellipsium
642 2307 793 2378 sordibus
806 2307 980 2370 liberetur.

684 2435 774 2501 XIII.
798 2435 851 2501 De
872 2433 1075 2502 Pleonormo.
1142 2453 1146 2460 ·

353 2535 651 2630 Transgrediemur
676 2545 718 2611 ab
732 2545 841 2633 ellipsl
864 2547 1159 2632 adpleonasmum,
1184 2543 1284 2627 cujus
1308 2539 1446 2629 explica·
1547 2597 1549 2612 .

312 2634 361 2699 tio
377 2632 561 2715 aliquanto,
587 2652 687 2716 quam
707 2628 872 2719 ellipseos,
900 2635 1032 2700 facilior
1053 2640 1122 2699 eat:
1144 2653 1212 2697 non
1238 2632 1343 2696 modo
1365 2629 1446 2711 quod
1547 2705 1549 2710 Ι

313 2721 447 2784 omnino
462 2722 570 2785 minor
584 2727 636 2786 est
650 2723 685 2783 in
700 2723 891 2804 pleonasmo
910 2721 1106 2800 obscuritas,
1130 2721 1186 2785 aed
1210 2719 1335 2793 etiam,
1354 2719 1446 2801 quod·
1547 2745 1549 2808 Ῑ

174 2792 179 2807 ¹
246 2800 413 2890 197quum
428 2808 537 2893 ellipsi
549 2808 619 2874 fere
634 2804 818 2871 contrarius
831 2806 876 2873 sit
899 2810 1122 2893 pleonasmus,
1140 2806 1300 2957 ellipseos
1324 2806 1445 2889 exposi-

313 2892 362 2965 tio
390 2894 478 2959 ultro
504 2894 754 2976 ostenditque
776 2895 957 2978 pleonaami
983 2898 1028 2959 sit
1056 2898 1154 2959 ratio.
1230 2892 1445 2957 amonstnri·

202 2988 211 3005 ²
314 2998 387 3045 mus
412 2988 523 3045 autem
537 2982 670 3065 ellipsin
691 3000 761 3044 esse
776 2981 987 3045 omissionem
1007 2982 1173 3053 vocabuli,
1187 2980 1230 3043 ad
1254 2980 1444 3060 grammati·

190 3088 193 3093 ’
312 3086 384 3131 carn
412 3066 545 3149 quidem
569 3069 842 3133 constructionem
865 3069 1051 3147 necessarii,
1076 3066 1135 3131 sed
1162 3086 1224 3151 usu
1256 3067 1311 3129 ita
1339 3067 1444 3129 deesse

313 3154 413 3229 soliti,
440 3160 478 3219 ut
492 3161 610 3237 sponte
624 3152 841 3237 intelligutur.
885 3152 1024 3227 Quodsi
1049 3152 1237 3217 contrarius
1263 3160 1319 3216 est
1342 3152 1443 3235 eliipsi

313 3240 535 3321 pleonasmus,
555 3241 783 3323 pleonasmum
805 3260 937 3305 necesse
957 3241 1063 3305 estin
1084 3236 1273 3322 adjectione
1296 3238 1443 3303 vocabuli

313 3326 456 3407 positum
472 3328 653 3410 esae,quod
678 3328 812 3391 tametsi
836 3329 878 3390 ad
892 3328 1144 3409 grammaticam
1166 3325 1341 3390 rationem
1366 3324 1444 3389 nibil

312 3410 472 3483 conserat,
487 3432 527 3477 ex
542 3432 601 3477 usu
619 3414 666 3475 sic
689 3414 839 3493 addatur,
863 3421 901 3478 ut
921 3433 1056 3499 prorsus
1079 3414 1238 3485 abundet,
1265 3410 1389 3482 idest,
1411 3416 1444 3474 ut

212 3570 215 3577 Δ
290 3494 411 3577 ‘plane
431 3498 513 3564 nibil
529 3500 701 3581 significet.
744 3496 832 3563 Nam
855 3500 920 3563 nisi
942 3498 1170 3583 pleonasmnm
1194 3497 1233 3562 in
1258 3498 1443 3580 adjectione

313 3582 461 3649 vocabuli
484 3585 567 3648 nihil
596 3586 933 3668 planesignificentis
952 3588 1121 3669 ponimus,
1143 3605 1210 3649 non
1226 3586 1337 3665 magis
1357 3583 1443 3664 plac

104 3728 105 3733 ,
312 3686 502 3733 nasmcrum
516 3672 656 3735 Inveniri
671 3673 796 3755 poterit
810 3674 896 3745 finis.
912 3691 1012 3756 quam
1026 3690 1127 3755 supra
1139 3671 1173 3732 in
1189 3670 1302 3755 ellipsi
1317 3670 1440 3733 sadum

186 3820 187 3823 ,
311 3754 472 3821 videmus.
535 3754 608 3831 Quo
631 3760 665 3822 in
694 3778 804 3823 errore
826 3760 1024 3840 exagitando
1046 3778 1146 3839 quum
1179 3762 1270 3833 totius
1294 3761 1440 3819 versetur

310 3832 451 3905 Weiskii
477 3844 572 3919 liber,
598 3846 715 3909 mirum
736 3852 788 3909 est
815 3852 939 3917 tamen,
962 3845 1051 3925 quod
1074 3845 1131 3907 ilie
1160 3862 1228 3906 non
1248 3842 1342 3907 modo
1359 3840 1439 3913 bos,

309 3928 367 4011 qui
392 3929 459 3993 veri
483 3938 561 3995 sunt
585 3934 776 4013 pleonasmi,
799 3932 868 3996 fere
882 3950 997 3997 omnes
1017 3931 1239 4014 preterierit;
1259 3947 1337 4011 quoa
1355 3946 1442 3991 sane

309 4014 442 4093 quidem
457 4016 633 4081 secundum
648 4019 872 4081 definitionem
885 4020 1082 4101 pleonasmi,
1097 4036 1199 4099 quam
1211 4018 1338 4099 posuit,
1358 4032 1442 4098 pra

308 4100 408 4163 terire
420 4101 536 4167 debuit
551 4124 559 4165 ε
584 4106 640 4167 sed
655 4108 755 4169 eliam
770 4106 857 4189 quod
870 4106 910 4169 de
925 4106 990 4178 bia,
1005 4105 1064 4190 pui
1079 4104 1183 4167 videri
1198 4108 1338 4186 possum
1352 4103 1442 4185 pleo-

309 4188 416 4251 nasmi
431 4208 514 4263 esse,
530 4210 630 4271 quum
646 4210 711 4255 nou
727 4193 808 4265 sint,
824 4193 996 4256 minimam
1017 4198 1150 4273 partem
1167 4191 1333 4269 attigerit.
1377 4187 1443 4251 sei

309 4288 412 4353 quum
428 4294 469 4337 ne
484 4278 578 4340 nobis
591 4279 722 4359 quidem
738 4278 807 4343 brec
821 4279 869 4344 sit
881 4296 970 4351 cura,
994 4285 1033 4341 ut
1046 4276 1119 4354 bos,
1134 4296 1216 4358 quos
1229 4295 1264 4339 re
1285 4292 1368 4339 vera
1381 4293 1440 4358 pu

308 4362 420 4423 tamus
433 4362 640 4443 pleonasmos
654 4366 819 4432 vocandos
830 4383 913 4443 esse,
936 4366 1083 4446 undique
1103 4382 1321 4445 congeramus
1342 4370 1443 4443 atque

308 4448 468 4527 exemplis
481 4449 696 4516 illustremus:
721 4452 839 4533 paucis
848 4470 889 4514 ea
897 4452 1070 4518 dumtaxat
1079 4450 1262 4517 consectari
1275 4450 1440 4523 volumus.

308 4544 382 4611 que
395 4533 506 4615 capita
521 4544 597 4603 mut
612 4538 708 4617 huius
723 4538 970 4621 disputationis.

349 4614 399 4683 Ao
412 4619 562 4723 videmus
585 4643 662 4696 eum
684 4624 961 4722 dissimilitudine
980 4622 1125 4711 quodam
1152 4626 1332 4701 maxim
1353 4622 1437 4711 ab
