3117 5175
608 414 829 483 PRAEFA'HO
849 414 1058 481 Ltlsnaal.

540 615 544 621 ’
612 599 789 669 -minime
802 600 885 670 mitt
898 600 957 667 loc

313 764 318 773 .
404 686 494 779 Opas
507 698 553 754 est
564 687 725 755 tonore—

275 772 387 851 Sthol.
414 782 448 841 οιί
469 780 570 861 χρείαν
592 778 656 859 ’ἔχοι
678 781 732 844 τῆς
750 802 783 839 τι
805 782 861 839 τᾶν
880 774 1035 844 Ἑλλήνων
1058 774 1105 839 καί
1125 782 1176 840 τοῖν
1194 774 1412 851 Ἀγαμέμνονος

276 864 376 936 τομῆς.
422 860 486 926 Καί
499 864 559 925 ἕστο
573 862 847 947 σολοικισμὸςωαροὶ
866 863 921 927 τοὶς
938 867 1071 927 ωτοίοενς.
1117 862 1234 945 Neque
1255 862 1411 950 audiendi

273 954 368 1021 sunt,
390 950 448 1028 qui
472 945 619 1010 Homero
632 949 747 1011 dieunt
769 950 930 1015 excidisse
946 948 998 1014 bis
1012 952 1093 1015 locis
1108 950 1230 1012 σολοιιόι
1242 974 1270 1011 τι
1284 950 1410 1032 impru·
1542 946 1543 969 ¹

273 1036 379 1099 denti.
422 1032 511 1097 Nam
534 1034 670 1100 eandem
691 1034 846 1117 loquendi
870 1036 1011 1099 sormam
1036 1036 1188 1099 adhibuit
1212 1034 1312 1101 etiam
1328 1036 1410 1099 alibi

272 1128 311 1185 et
324 1120 468 1203 sapius:
488 1138 516 1180 e.
530 1140 564 1203 g.
581 1115 677 1180 Iliad.
692 1116 720 1180 1.
735 1140 803 1181 ver.
819 1118 872 1183 ⁷5.
894 1120 990 1183 Iliad.
1007 1122 1048 1185 A:
1073 1142 1142 1185 rer.
1164 1120 1237 1185 605.
1260 1116 1355 1185 iliad.
1369 1118 1407 1185 Σ.

260 1225 343 1270 νοτ.
356 1202 433 1269 406.
456 1200 575 1285 Odyss.
590 1203 632 1266 A.
647 1221 717 1267 ver.
733 1203 809 1267 225.
826 1210 864 1267 ut
876 1216 941 1270 ιιοιι
956 1210 1064 1288 possit
1086 1228 1163 1285 non,
1185 1209 1242 1288 qui
1266 1224 1339 1270 eam
1360 1208 1409 1271 vi·

272 1295 393 1355 tiosam
408 1296 443 1354 et
456 1292 609 1355 soloecem
626 1294 736 1373 putat,
760 1286 908 1355 Homero
930 1294 1150 1371 ignorantiam
1162 1300 1224 1355 'aut
1238 1297 1327 1355 certe
1341 1298 1409 1371 tur·

272 1395 349 1463 pem
365 1378 601 1461 negligentiam
615 1377 884 1457 tribunatuque
900 1380 1012 1441 inuno
1026 1378 1219 1467 duobusque
1231 1378 1311 1442 locis
1325 1381 1409 1445 alios

273 1464 513 1550 reprehendere
527 1483 566 1528 ao
580 1463 737 1527 damnare
744 1464 920 1547 plurimos.
957 1464 1021 1529 Sed
1036 1484 1101 1545 qua
1116 1465 1250 1529 tandem
1265 1484 1328 1549 ope
1338 1464 1409 1531 Ho-

272 1570 400 1616 merum
425 1555 539 1614 oontra
564 1550 626 1613 iras
655 1547 958 1627 Grammaticorum
987 1553 1231 1616 criminationes
1255 1551 1409 1617 deiende-

274 1642 377 1702 must
408 1638 579 1702 Auxilium
604 1637 648 1700 ab
674 1636 783 1721 ellipsi
809 1645 972 1721 petemus,
993 1656 1098 1719 eaque
1119 1642 1154 1703 ln
1171 1658 1207 1701 re
1220 1641 1408 1723 exemplum

275 1722 415 1796 Donati,
437 1725 566 1809 pariter
579 1725 713 1803 veteris,
734 1724 791 1788 sed
806 1725 1103 1808 circumspectioris
1116 1726 1322 1807 grammatici
1336 1724 1409 1790 imi·

272 1811 433 1883 tabimur,
455 1812 514 1893 qui
531 1812 573 1874 ad
587 1807 668 1874 Eun.
683 1811 730 1873 iv.
746 1811 779 1885 7,
798 1810 847 1875 19.
861 1810 1165 1876 decantatissimum
1180 1812 1308 1875 locum:

297 1943 302 1951 «
375 1894 872 1985 Omaiopn'usecperirioerbis,
889 1895 1298 1985 quomomie,sapientem
1308 1897 1408 1963 decet.

272 1982 479 2049 admittendo
494 1985 627 2069 ellipsin
641 1984 733 2049 verbi
753 2004 849 2133 ogere
871 1990 947 2070 post
968 1982 1076 2057 armis,
1098 1982 1287 2047 Terentium
1302 1984 1410 2068 strepi·

268 2071 367 2135 cione
382 2070 589 2135 dinnoscitur
601 2073 731 2136 liberat.
801 2072 910 2137 cilicet
925 2072 959 2135 in
978 2071 1132 2135 omnibus
1145 2070 1296 2135 adductis
1310 2076 1344 2134 et
1360 2074 1410 2136 in-

271 2156 392 2223 dicatis
405 2156 543 2223 Homeri
558 2160 651 2233 locis,
664 2158 692 2221 si
708 2158 887 2223 subaudias
904 2160 1039 2223 verbum
1050 2158 1184 2243 aliquod
1199 2176 1273 2221 cum
1288 2160 1410 2237 acutis-

273 2246 361 2309 simo
384 2242 533 2319 Clarkio,
559 2247 630 2309 sive
656 2245 765 2318 ἱκάνειν,
793 2246 861 2309 aive
881 2246 981 2325 βιάειι,
1002 2246 1092 2309 salva
1108 2244 1250 2316 roserit,
1274 2242 1409 2309 babebi-

273 2348 423 2412 musque,
437 2332 524 2415 quod
544 2331 587 2394 de
600 2329 747 2396 Homero
761 2332 805 2395 ab
819 2332 950 2415 injuriis
964 2338 999 2397 et
1012 2329 1275 2397 cavillationibus
1290 2328 1411 2393 Gram-

272 2420 470 2484 maticorum
483 2419 653 2483 vindicato
668 2418 764 2483 nobie
778 2420 992 2501 gratulemur.
1016 2416 1087 2482 Nos
1101 2422 1210 2481 autem
1227 2414 1409 2481 Homerum

275 2502 326 2568 ita
339 2507 594 2590 interpretantes
608 2505 693 2569 nibil
709 2505 831 2586 fingere
846 2506 888 2569 ab
903 2506 975 2588 ejus
989 2508 1100 2570 mente
1113 2504 1270 2580 alienum,
1294 2522 1334 2566 eo
1348 2504 1409 2566 ml-

274 2610 337 2656 uus
363 2593 586 2658 dubitationis
613 2593 724 2665 babet,
745 2593 834 2672 quod
863 2595 934 2676 ipae
951 2592 1006 2658 ille
1031 2597 1204 2677 poetarum
1228 2603 1348 2674 parens
1371 2609 1412 2666 ac

270 2681 430 2830 flpizoelps
449 2683 646 2831 altemprzum
667 2681 799 2744 iliorum
813 2681 986 2745 verbenam
1005 2679 1131 2763 passim
1155 2677 1238 2740 solet
1252 2677 1408 2761 adJ'icere.

357 2813 366 2828 .
416 2814 424 2830 .
448 2785 517 2833 rer.
536 2767 551 2830 1
576 2777 608 2831 “.

216 2875 225 2896 ⁸
353 2851 459 2916 Ἀλλὰ
472 2856 559 2928 μάλα
571 2855 691 2928 μεγάλη
704 2853 793 2936 χρειὼ
808 2853 942 2928 βεβίηκεν
954 2850 1110 2934 Ἀχαιούς.

362 2935 481 3002 Verum
494 2937 589 3002 valde
601 2957 723 3023 magna
734 2936 905 3003 necaretur
923 2939 1076 3028 oppressit
1089 2935 1236 3004 Action.

268 3028 305 3089 et
317 3023 413 3088 Iliad.
427 3023 468 3087 K.
483 3043 551 3087 ver.
570 3023 642 3089 118.

354 3110 488 3196 —xpnoi
501 3109 559 3194 ’νᾶρ
573 3111 698 3173 ἱκάνεται
711 3113 804 3174 οὐκέτ’
819 3112 945 3176 ἀνεκτόν.

355 3195 573 3261 -neeeseitea
586 3195 674 3259 enim
686 3207 780 3282 terget
796 3219 860 3264 non
865 3199 942 3284 jam
956 3197 1139 3265 tolerabilia.

272 3287 397 3349 etcum
412 3283 598 3348 aoearsatiro
618 3302 767 3366 persona
787 3304 941 3370 expresso
967 3284 1084 3369 Odyss.
1108 3284 1146 3350 E.
1171 3303 1238 3350 ver.
1256 3282 1325 3350 189.
1350 3281 1408 3348 uin'

270 3376 372 3454 poeta
387 3367 528 3453 Calypso
543 3370 593 3433 ita
605 3369 689 3435 iecit
703 3372 907 3452 loquentem:

359 3455 464 3520 ’Ami
478 3455 519 3518 ‘tei
532 3457 586 3529 μὲν
601 3461 666 3519 νοέω
680 3457 729 3519 καί
743 3461 918 3540 φράσσομαι,
941 3459 1003 3522 ἔσοι’
1021 3457 1054 3522 ἂν
1068 3459 1184 3544 innisae

164 3588 172 3604 .
252 3613 261 3622 ἱ
358 3542 449 3628 Adri!
464 3540 621 3617 μηδοίμην,
644 3543 691 3606 ὅτε
709 3570 748 3617 με
763 3544 851 3628 χρειὼ
867 3547 946 3608 τίοον
958 3545 1022 3607 inor.
1152 3545 1155 3552 ²

360 3627 426 3694 Sed
438 3651 478 3694 eo
492 3628 621 3716 quidem
636 3627 786 3716 dispicio,
802 3639 833 3694 et
847 3629 978 3702 madeo,
997 3629 1282 3718 qoaemmunnili
1292 3627 1360 3716 ipsi

365 3713 485 3802 Utique
494 3713 710 3789 Μενοίτιον·
720 3714 850 3803 pacando
861 3715 1030 3783 necessitas
1038 3739 1088 3782 mc
1100 3726 1262 3804 tantopere
1275 3724 1412 3800 urgeret.

275 3801 342 3868 His
355 3803 540 3867 observatis
555 3820 620 3865 non
642 3811 706 3877 eat,
728 3803 815 3883 quod
837 3805 937 3868 nobis
959 3806 993 3867 in
1013 3812 1183 3890 posterum
1200 3809 1291 3866 aute
1307 3801 1412 3866 reteri

276 3891 461 3956 Scholiasta
475 3907 647 3971 anonymo,
656 3895 715 3954 aut
729 3891 772 3952 ab
786 3885 974 3964 Eustathio‚
986 3899 1044 3954 aut
1058 3891 1200 3969 denique
1214 3891 1256 3953 ob
1278 3887 1322 3953 H.
1338 3887 1413 3952 Ste-

273 3981 399 4062 phano,
416 3977 557 4056 aliisque
572 3975 698 4060 imponi
714 3975 776 4041 boe
791 3977 926 4041 nomine
940 3979 1115 4059 patiamur.
1138 3976 1255 4057 ltaque
1270 3974 1412 4039 modesti

273 4071 310 4129 et
324 4062 520 4128 considerati
543 4061 667 4142 Judicis
693 4063 824 4125 landem
849 4063 980 4127 auferre
1004 4071 1147 4128 meretur
1169 4061 1412 4137 tondendus,

273 4151 333 4232 qui
349 4149 383 4214 in
397 4147 487 4212 Lect.
502 4144 583 4213 Ιιοο.
600 4147 637 4210 ii.
653 4146 683 4210 4.
706 4168 739 4232 p.
758 4147 830 4211 156.
847 4149 887 4214 de
902 4151 968 4212 illis
981 4147 1115 4216 Homeri
1133 4151 1213 4214 locis
1229 4152 1277 4214 ita
1292 4150 1410 4214 sentit:

275 4247 298 4278 “
315 4235 367 4300 An
381 4254 460 4320 rere
473 4253 588 4298 resera
603 4233 673 4298 bac
686 4235 807 4298 locutio
822 4235 867 4298 sit
881 4239 1010 4310 soloeca,
1033 4255 1098 4300 non
1112 4237 1258 4317 judico.”
1294 4233 1415 4298 Paucis

273 4324 384 4386 verbis
404 4322 588 4403 interjectis
612 4320 721 4384 addit:
748 4330 770 4360 ‘⁴
787 4319 884 4386 Forte
905 4325 1055 4402 quoedarn
1080 4331 1130 4386 est
1156 4323 1294 4406 ellipsis,
1316 4323 1414 4402 cujus

273 4412 361 4473 ratio
376 4408 576 4473 sitnondum
599 4409 695 4490 plene
716 4409 921 4492 perspecta.’'
966 4407 1055 4482 Quin
1076 4411 1258 4472 rectissima
1279 4406 1414 4470 lansius

272 4499 377 4560 totam
391 4515 461 4558 rem
477 4514 541 4578 ope
552 4495 701 4578 ellipsios
715 4515 787 4558 esse
802 4495 1040 4576 expediendam
1055 4497 1246 4578 conjecerit,
1268 4513 1321 4566 ea,
1336 4511 1414 4574 quae

273 4583 315 4645 de
329 4581 410 4646 locis
426 4582 493 4645 illis
508 4577 661 4653 Homeri,
683 4590 850 4665 praeunte
866 4579 1013 4657 Clarkio,
1036 4585 1238 4656 monuimus,
1258 4579 1415 4644 dubitare

272 4687 334 4736 nos
348 4688 415 4738 uon
429 4670 554 4735 sinunt.
599 4667 665 4734 Sed
681 4671 851 4752 majorem,
872 4676 962 4736 certe
979 4666 1229 4743 evidentioiem,
1253 4667 1414 4751 injurians
