3117 5175
284 409 328 478 52
679 427 1016 488 smnuanosunun.

283 581 406 650 Eadem
428 581 556 650 Latinis
571 583 607 648 in
620 603 681 650 usu
704 591 755 650 est
771 579 913 659 ἵλλιιψις.
947 580 1000 647 lta
1020 581 1110 647 enlm
1129 579 1261 646 Terent.
1285 573 1421 640 Phorm.

284 678 347 735 aet.
362 671 411 734 iii.
426 692 469 737 so.
485 691 516 734 ν.
539 670 688 758 Spatium
702 671 833 760 quidem
846 666 976 735 tandem
994 663 1180 758 apparendi
1198 660 1344 752 neptim,
1365 679 1423 726 t>⁰-

283 755 393 836 tandi,
404 755 697 842 ransfloandi,ete.

327 841 365 908 ln
381 845 451 908 loeo
471 845 485 908 1
503 841 653 909 Corinth.
668 846 714 909 xi.
728 843 782 910 20.
794 847 838 909 sel
851 844 987 928 phrasin
1003 842 1050 908 ἐπὶ
1065 841 1100 905 τδ
1114 839 1186 905 atri
1198 837 1423 922 supplendum

283 947 351 994 esse
366 930 484 1006 δεῖτνον,
507 927 690 1015 Raphelius
710 933 889 1005 existimat,
906 935 1029 997 citante
1044 927 1227 1010 Bruningio
1240 928 1276 989 in
1290 925 1423 1006 antiqq.

285 1013 389 1082 Grac.
405 1035 476 1100 cap.
493 1019 574 1082 xxii.
599 1014 736 1081 Banna.

329 1107 347 1143 ⁸
361 1099 483 1167 Eadem
499 1107 548 1168 est
560 1103 682 1188 ellipsis
703 1104 815 1169 Actor.
828 1123 861 1168 1.
877 1103 926 1168 10.
948 1101 1233 1187 Περοτκεοοζόντωι
1247 1097 1276 1162 δὲ
1301 1100 1423 1162 ἐκείνοιν.

210 1233 213 1238 -
282 1209 309 1253 s.
331 1187 446 1253 isleras.
502 1189 558 1254 Sia
582 1187 766 1255 Herodotus
791 1189 849 1255 lib.
876 1192 921 1254 ix.
948 1209 1020 1274 cap.
1055 1187 1104 1251 15.
1135 1187 1424 1272 παρασκευασάμενος

282 1277 431 1351 μεγάλως.
453 1277 511 1340 ubi
537 1277 634 1340 lineis
655 1277 781 1358 aliquot
803 1278 983 1358 interjectis
996 1277 1142 1357 sequitur
1161 1271 1196 1339 δν
1209 1269 1240 1334 δὲ
1259 1271 1294 1333 τδ
1315 1269 1425 1334 δεῖπνον

283 1366 443 1434 ποιούμενον
454 1365 481 1426 ἐν
492 1361 627 1447 Θήβῃσι.
651 1361 749 1427 Plena
770 1361 879 1428 enatat
891 1363 1022 1446 phrasis
1035 1363 1124 1444 apud
1138 1359 1289 1423 eumdem
1303 1358 1360 1420 llb.
1375 1357 1424 1418 ix.

283 1466 357 1529 cap.
379 1446 431 1511 81.
477 1448 601 1512 Δεῖπνον
624 1451 855 1534 παρασκευάζειν.
880 1449 936 1514 Sic
962 1448 1147 1512 Suetonius⁴
1163 1447 1290 1507 ἔλλιπᾶς
1305 1459 1424 1506 vocare

257 1610 261 1618 Ι
282 1534 395 1618 posuit
408 1533 442 1598 in
456 1535 524 1598 sita
543 1533 664 1599 Tiberii
680 1555 753 1620 cap.
767 1535 820 1600 53.
854 1533 965 1601 Etiam
980 1554 1094 1600 soom
1116 1527 1225 1630 fleuit.
1251 1548 1352 1611 quam
1366 1525 1425 1592 El·

285 1619 384 1704 lipsin
407 1622 562 1704 expressit
576 1622 659 1686 idern
675 1624 708 1686 in
723 1619 878 1704 Caligula
891 1642 965 1705 esp.
978 1619 1032 1687 36.
1057 1638 1137 1708 quos
1145 1614 1337 1705 pleramqsoe
1349 1631 1426 1680 eum

286 1704 415 1771 murias
427 1705 472 1772 ud
485 1725 602 1772 sanum
615 1716 745 1774 vocotus
757 1707 991 1774 emuideralot.
1014 1705 1173 1773 Soanas.

710 1857 728 1895 *
750 1854 990 1922 ΔΕΚΤΕΟΝ.

244 2065 248 2072 ,
328 1985 401 2074 Hoc
415 1988 546 2055 verbale
557 1991 747 2076 frequenter
769 1993 928 2077 onqittunt
942 1989 1129 2056 Scholiasta
1142 1997 1264 2057 veteres
1276 1991 1351 2074 post
1365 1983 1427 2050 illa

285 2077 408 2138 verba:
434 2075 506 2139 δοιοὶ
520 2083 635 2152 μᾶλλον
656 2083 718 2144 eto.
744 2081 800 2142 ubi
815 2100 861 2144 se.
888 2080 1035 2145 indicare
1050 2080 1177 2152 solunt,
1201 2094 1354 2159 quaenam
1380 2090 1426 2137 ex

184 2171 187 2180 '
207 2241 210 2254 .
284 2162 411 2238 duabus
424 2162 750 2248 interpretationibus
759 2167 854 2232 alteri
868 2168 913 2232 sit
922 2166 1135 2251 preferenda.
1157 2161 1282 2230 Lusa.

653 2309 839 2398 *AEON,
860 2311 1050 2380 naeuus,

329 2430 368 2498 In
381 2432 474 2520 παρὲξ
487 2438 624 2520 ἀγορεύειν
638 2438 727 2521 apud
742 2433 921 2503 Homerum
935 2437 1027 2503 lliad.
1046 2437 1095 2503 M.
1108 2455 1141 2502 r.
1154 2435 1230 2502 213.
1250 2435 1310 2502 ubi
1324 2435 1426 2502 schol.

288 2517 349 2672 gr.
370 2519 426 2599 ἴξιν
445 2527 496 2588 τοῦ
518 2520 634 2588 δέοντος.
680 2521 719 2589 ln
738 2522 921 2611 ὑπερβαΐνενν.
945 2525 1122 2611 Sophocles
1149 2522 1264 2608 Antig.
1293 2543 1325 2591 v.
1348 2523 1426 2591 674.

315 2628 450 2675 GRVH·

558 2693 953 2775 ἿΔΕΣΜΩΤΗΡΙΟΝ,
969 2694 1155 2764 CARGER.

332 2816 429 2885 Deest
442 2820 504 2885 hoo
518 2837 635 2886 nomen
647 2822 683 2887 in
699 2818 841 2898 δκμόοιον,
858 2823 946 2905 quod
959 2843 1021 2908 pro
1034 2842 1158 2889 aarum
1166 2822 1299 2912 publico
1312 2828 1429 2911 posuit

285 2902 498 2991 Thucydides.
534 2906 670 2973 Plenum
684 2910 771 2973 euim
785 2910 862 2997 est:¹
876 2908 1065 2996 δεσμωτήριον
1076 2908 1215 2985 δημόσιον.
1235 2908 1357 2979 Laron.

430 3058 724 3139 *nsszssolNa
743 3064 795 3127 vel
817 3056 1067 3139 ΔΕΣΠΟΤΙΣ,
1085 3056 1284 3127 DOMINA.

330 3194 539 3261 Desideratus
556 3198 591 3259 in
606 3198 767 3270 κεκττμένκ
791 3194 879 3280 apud
903 3191 1071 3348 [Sffihocl.
1097 3197 1218 3279 fragm.
1242 3217 1284 3261 ex
1310 3200 1426 3264 insert.

288 3280 439 3361 Τεεςιεά.
464 3282 535 3344 xlii.
558 3280 727 3367 Soanas]
751 3282 918 3366 Aristoph.

288 3368 338 3432 ed.
355 3364 496 3431 Brunok.
511 3368 569 3431 ubi
596 3370 750 3449 jungitur
763 3370 951 3451 pronomini
976 3372 1178 3453 possessivo:
1203 3374 1256 3439 τῆς
1281 3374 1354 3445 ἐμῆς
1378 3399 1429 3435 κε·

288 3456 443 3527 κτημένος.
467 3452 635 3538 Soanas]
658 3454 1285 3538 etoepeapudhristoeuetunr.1n1su.
1309 3456 1429 3524 Moeris

288 3560 322 3627 p.
336 3538 411 3605 225.
426 3541 446 3607 ἡ
460 3544 634 3617 κεκτημένη,
648 3538 820 3615 illaesa,
835 3546 901 3625 παρ’
914 3541 1073 3606 Ἀττικοῖς.
1102 3543 1253 3609 Sonant.

615 3691 633 3731 ⁴
648 3681 913 3765 ΔΕΣΠΟΤΗΣ,
924 3682 1089 3751 HERUS.

331 3807 432 3875 Deest
453 3808 488 3873 ln
504 3812 686 3889 κεκτημένος,
700 3829 731 3872 v.
755 3831 784 3873 o.
806 3810 894 3892 apud
920 3807 1086 3894 Aristoph.
1113 3809 1201 3875 Plut.
1228 3833 1261 3877 ν.
1273 3811 1306 3876 4.
1323 3817 1357 3877 et
1377 3816 1429 3888 ἐγ-

288 3901 470 3969 κεκτημένος.
515 3893 595 3968 Qua
609 3915 702 3959 voces
716 3894 909 3960 adhibentur
920 3898 962 3961 de
975 3898 1029 3969 iis,
1043 3899 1101 3978 qul
1122 3898 1245 3981 pradia
1266 3900 1302 3962 in
1316 3897 1429 3964 Attica

259 4050 262 4060 ,
287 3984 506 4069 possidebant,
521 3988 554 4045 et
567 4001 589 4046 a
603 3980 741 4054 δημόταις
755 3983 879 4047 diversi
893 3990 1000 4047 erant.
1023 3980 1147 4049 Lassa.
1191 3983 1430 4051 Demosthenes

286 4089 320 4156 p.
339 4068 433 4144 1‘208‚
447 4066 501 4132 27.
518 4078 573 4131 τῶν
589 4094 620 4131 τε
635 4068 766 4143 δημοτῶν
780 4068 829 4131 καὶ
844 4074 900 4132 τᾶν
922 4072 1146 4145 ἐγκεκτημένων.
1190 4068 1340 4136 Rkiakius
1353 4069 1427 4136 lnd.

287 4176 321 4240 p.
338 4154 414 4220 269.
438 4164 461 4194 “
479 4156 503 4217 οἱ
518 4158 728 4231 {queas-nullos,
743 4155 877 4219 subaudi
902 4157 991 4219 ululas
1010 4157 1059 4219 καὶ
1073 4160 1171 4242 χοιρία
1194 4160 1222 4220 ἐν
1242 4166 1282 4243 τῇ
1296 4156 1352 4233 ἔξω
1374 4166 1430 4226 τῆς

284 4241 440 4317 Ἀττικῆς,
455 4238 675 4325 lagaeam,
691 4242 860 4323 peculiati,
883 4244 1003 4321 quibus
1024 4243 1121 4307 fundi
1146 4254 1235 4319 sant,
1260 4246 1347 4307 bona
1366 4245 1427 4307 im·

286 4330 433 4403 mobilia,
456 4328 514 4392 sed
534 4334 626 4392 extra
646 4327 800 4401 Atticam,
826 4329 861 4391 in
882 4329 952 4393 solo
971 4330 1177 4412 peregriu0.”
1228 4328 1430 4404 honoratius,

288 4416 396 4497 sicque
410 4422 447 4478 ut
464 4416 640 4495 intelligas,
655 4432 711 4476 cur
726 4418 785 4476 τοῖς
798 4412 938 4485 δειμδτοιις
957 4422 1179 4499 opponantur,
1193 4414 1431 4481 Valckenarius

289 4502 331 4565 sd
345 4498 502 4566 Herodot.
517 4522 553 4586 p.
578 4498 654 4565 383.
676 4518 710 4563 a.
734 4499 858 4575 “Sunt
877 4502 985 4582 quiin
1006 4502 1109 4569 demis
1130 4522 1198 4571 non
1220 4504 1289 4569 suis
1303 4502 1430 4589 pradia

287 4588 339 4655 nel
353 4604 449 4671 agros
468 4586 713 4675 possidebant.'’
756 4586 914 4657 Soanas..
1183 4642 1188 4651 .
1315 4636 1322 4648 .

1009 3285 1063 3347 les.
1080 3300 1119 3359 v.
1141 3281 1234 3348 lll8.
1253 3279 1299 3369 [ν.
1330 3284 1425 3351 1126.
