3117 5175
261 359 284 426 a
717 339 942 422 museus.

263 531 386 596 tuturis
412 530 595 598 dialecticis
618 534 681 592 aut.
704 525 926 613 pbilosophis,
955 543 1022 591 non
1054 519 1302 606 interpretibus,
1329 516 1405 580 brac

264 617 375 682 dicate
389 637 461 682 esse
476 618 643 690 vellemus,
666 613 903 700 emunctione
917 615 1092 698 plerasque
1106 609 1151 673 ad
1163 609 1403 702 argumentum

265 711 414 768 nostrum
427 721 597 786 possemus
610 702 751 775 trabere,
766 709 805 765 ut
818 701 910 774 ἀλλὰ,
923 699 994 783 γὰρ,
1009 697 1052 770 δὲ,
1072 696 1165 770 ὅμως,
1185 690 1242 756 adr.
1289 687 1354 753 ΗΒ
1367 705 1402 792 ιιι

264 791 474 864 omittantur,
500 789 536 852 in
565 789 737 854 sententiis
763 788 846 871 ipsis
868 787 952 851 nibil
976 783 1153 848 desideres.
1195 778 1286 844 Nem
1315 781 1403 839 αλλι

265 895 297 938 v.
318 893 351 956 g.
375 894 441 938 non
456 875 539 938 iacit
552 876 760 948 sententiam,
787 875 882 953 cuius
903 873 946 937 ab
972 871 1069 935 initio
1089 869 1238 953 ponitur,
1265 871 1402 927 antece·

264 961 422 1026 dentibus
444 961 684 1033 adversantem,
712 960 769 1024 sed
793 963 922 1023 tantum
947 955 1125 1039 significat,
1150 954 1253 1019 talem
1266 953 1402 1049 senten:

263 1048 349 1110 tiam
374 1047 447 1128 jam
468 1065 538 1110 esse
551 1051 749 1119 secuturum,
770 1050 806 1107 et
818 1045 894 1128 ipse
906 1049 958 1108 est
981 1045 1054 1124 ejus
1076 1038 1276 1126 praenuntia.
1321 1033 1400 1098 Pars

265 1133 370 1196 modo:
385 1131 441 1216 γὰρ
461 1153 527 1196 non
551 1133 633 1197 iacit
646 1131 914 1196 ¹enuntiationem
936 1129 1115 1200 castsalem,
1151 1126 1210 1190 sed
1228 1121 1401 1188 commode

266 1223 399 1283 tantum
425 1224 548 1292 monet,
569 1220 735 1284 causalem
763 1236 845 1290 esse,
872 1223 907 1282 et
926 1216 1041 1288 simul,
1062 1215 1148 1278 sicut
1161 1212 1307 1310 reliqua·
1322 1225 1400 1272 con·

264 1304 456 1383 junctiones
487 1324 613 1379 omnes,
644 1303 765 1369 vinculi
787 1305 854 1368 vim
878 1305 990 1375 habet,
1016 1320 1082 1383 quo
1102 1299 1313 1363 antecedenti·
1331 1313 1403 1357 seu·

266 1389 381 1452 tentiae
399 1391 516 1470 juncta
536 1391 701 1456 sententia
720 1395 865 1455 tenetur.
883 1435 887 1440 -
916 1385 1113 1470 Hujusmodi
1138 1385 1242 1468 signis
1270 1383 1323 1446 its
1348 1399 1401 1444 su·

268 1493 342 1538 mus
368 1477 510 1556 adsueti,
533 1483 572 1542 ut
596 1479 781 1542 necessarie
807 1477 972 1540 derauso
992 1474 1069 1541 addi
1095 1473 1283 1542 videantur,
1303 1471 1338 1530 et
1360 1471 1401 1529 ut

265 1579 354 1642 tegre
382 1561 540 1638 ieramus,
569 1563 597 1627 si
611 1563 677 1628 illis
701 1583 773 1628 non·
783 1563 901 1627 moniti
919 1562 1156 1626 sententiarum
1170 1558 1259 1621 inter
1271 1575 1306 1619 se
1318 1554 1402 1616 reln-

267 1645 379 1711 tiones
404 1654 518 1714 nostra
543 1651 744 1731 cogitatione
773 1650 921 1712 iuvenire
944 1648 1104 1728 cogimur.
1147 1643 1214 1706 Sed
1236 1640 1320 1706 nibil
1343 1657 1404 1737 ιιιι-

267 1751 354 1798 rum.
400 1733 536 1800 Habent
564 1735 654 1798 enim
681 1737 747 1799 vim
776 1736 980 1816 integrorum
1004 1730 1236 1804 membrorum,
1256 1733 1307 1804 ut,
1327 1743 1402 1808 yum

268 1817 353 1884 ratio
368 1817 616 1904 dietisequitur,
631 1825 702 1892 eut,
714 1820 791 1905 jam
804 1829 979 1909 opponetur
1001 1813 1228 1900 aliquidaut,
1239 1813 1317 1897 jam
1332 1830 1403 1873 cos-

267 1901 370 1968 clust'o
390 1901 484 1968 modo
509 1901 604 1967 dictis
618 1903 819 1988 adjicietur.
864 1902 947 1969 Alite
961 1922 1041 1967 vero
1053 1899 1303 1982 conjunctiones
1327 1902 1405 1959 srrnt

268 1989 312 2052 ad
338 1989 599 2054 sensumetiem
622 1991 816 2073 popularem
841 1990 1043 2068 noeeuariae,
1063 1986 1318 2069 ut-copulatirae
1338 1982 1406 2045 dis·

177 2099 185 2108 ·
266 2073 438 2154 junctivae,
458 2075 719 2156 conditionales:
749 2094 824 2156 quse
847 2074 986 2158 proinde
1010 2074 1103 2140 nulla
1123 2073 1252 2138 ratione
1281 2071 1315 2134 in
1345 2087 1404 2132 ιιιι-
1520 2050 1521 2089 ³

270 2177 398 2224 merum
419 2161 687 2242 pleonasmorum
714 2160 831 2227 reterri
861 2167 1009 2244 possunt.
1053 2157 1142 2223 Nam
1166 2159 1196 2222 si
1217 2157 1294 2240 quis
1313 2156 1405 2234 dicit,

269 2241 308 2306 El
337 2243 443 2318 ibris,
464 2245 538 2328 πρὸς
564 2247 594 2308 σὲ
624 2248 788 2320 ἐλεύσομαι,
815 2247 1065 2330 opportunitate
1090 2247 1207 2330 primm
1232 2243 1404 2328 particule

269 2329 363 2408 facit,
384 2335 422 2393 ut
448 2326 543 2393 biatu
567 2330 625 2393 liet
651 2333 835 2397 enuntiatio
856 2333 1098 2409 conditionalis,
1119 2338 1154 2396 et
1167 2342 1258 2396 arcte
1270 2329 1404 2413 quidem

265 2415 434 2496 jungenda
459 2435 534 2480 cum
561 2416 758 2498 insequenti.
804 2419 869 2482 Sed
895 2420 952 2483 illa
974 2419 1137 2502 particula
1155 2424 1285 2482 remota
1311 2413 1406 2478 boas

270 2501 307 2564 fit
329 2502 559 2581 categoricum,
581 2502 761 2588 abruptum
788 2509 823 2568 et
843 2506 1046 2588 ambignum.
1091 2504 1156 2568 Sed
1181 2503 1223 2567 de
1246 2503 1314 2568 illis
1339 2501 1405 2585 pri·

267 2588 380 2651 oribus
404 2590 433 2653 si
457 2590 589 2672 copiose
618 2610 782 2673 exponere
806 2593 936 2668 vellem,
964 2598 1075 2656 actum
1100 2611 1180 2656 sane
1205 2608 1341 2671 agerem
1369 2596 1405 2651 et

271 2691 428 2754 magnum
452 2694 602 2757 pararem
623 2678 785 2741 volumen.
828 2675 915 2742 Nam
939 2683 1016 2760 post
1029 2676 1173 2756 Deserit,
1192 2674 1403 2759 Hoogeveeni

269 2764 304 2822 et
318 2758 479 2838 Schiitzil,
494 2762 618 2825 Zeunii
631 2762 708 2826 item
724 2763 766 2825 ed
780 2760 893 2845 Vigeri
909 2765 1030 2828 librum
1053 2770 1088 2827 et
1109 2760 1294 2827 Hermanni
1307 2781 1349 2825 eo
1369 2762 1403 2825 ia

269 2863 390 2924 genere
417 2846 557 2925 labores,
579 2848 655 2912 aliis
670 2866 829 2931 perquam
843 2851 964 2931 exigua
985 2849 1125 2913 materia
1146 2849 1262 2913 relicta
1285 2853 1349 2923 est,
1369 2848 1401 2912 in

268 2948 337 3011 qua
359 2933 527 3011 ingenium
542 2952 639 2995 suum
665 2952 738 3015 cum
763 2933 873 2998 fructu
898 2956 1052 3011 exercere·
1072 2936 1210 3017 possint.
1254 2932 1300 2997 Et
1326 2952 1405 3015 prae-

269 3022 364 3081 tereu
389 3018 507 3099 lingua
532 3016 649 3083 Graeca
674 3018 832 3093 abundat,
861 3039 901 3085 ac
926 3023 1049 3104 potius,
1069 3027 1108 3084 ut
1132 3021 1277 3103 ingenue
1299 3020 1403 3083 dicam

270 3105 360 3183 quod
383 3106 500 3181 sentio,
521 3102 645 3167 loborat
672 3110 720 3168 tot
745 3111 781 3170 et
805 3113 874 3169 tam
895 3108 986 3172 varie
1014 3106 1208 3190 compositis
1234 3106 1405 3189 particulis

269 3187 363 3269 (nam
395 3190 429 3252 in
457 3189 637 3253 virtutibus
660 3198 719 3255 eut
746 3193 1055 3276 opportunitatibus
1081 3210 1102 3255 a
1124 3188 1199 3257 ridi
1213 3193 1338 3276 populo
1359 3194 1405 3257 iu·

269 3410 347 3461 nibus
363 3408 495 3461 nominum
514 3408 647 3461 substanti.
673 3422 759 3479 tropos
781 3414 819 3465 in-
866 3426 959 3480 potest,
983 3419 1051 3482 quia.
1071 3418 1167 3469 omisso
1181 3418 1285 3469 nomme
1298 3420 1408 3469 adventi·

271 3491 326 3525 esse
337 3475 419 3525 omnis
431 3475 538 3537 generis.
571 3476 647 3538 Nam,
662 3479 818 3544 remotisge·
866 3481 913 3542 tio,
932 3499 1007 3533 usus
1027 3493 1122 3533 mutum
1146 3484 1258 3533 nominis
1273 3485 1411 3546 sesquii-

271 3539 369 3601 nitivis,
388 3540 537 3604 relinquitur
556 3538 581 3589 in
601 3545 648 3593 let
667 3547 681 3591 2
698 3546 818 3607 synecdo·
865 3549 999 3597 mutandus
1022 3558 1071 3597 est.
1101 3548 1220 3599 &terum
1290 3554 1295 3563 ’
1333 3554 1405 3599 ''st

271 3604 335 3665 clre;
354 3604 378 3653 in
400 3605 596 3669 tmetonymia5
613 3606 638 3655 in
659 3610 819 3672 tmetapbo·
866 3612 976 3661 aduertit
991 3613 1144 3677 periphrasis
1159 3614 1233 3677 phne
1246 3613 1274 3662 ni
1297 3613 1404 3663 'lsdsos

274 3682 317 3717 rar
334 3678 360 3717 et
370 3669 407 3717 sic
420 3668 611 3735 ironiaquoque
627 3672 652 3721 in
671 3672 724 3723 illis
741 3674 818 3725 lacilc
865 3677 983 3740 pertinet,
999 3678 1060 3741 quia
1078 3678 1172 3727 similis
1180 3679 1221 3727 vel
1241 3679 1328 3742 potius
1342 3681 1404 3742 ejas·

221 3772 223 3779 .
273 3732 381 3795 reperiri
401 3744 493 3797 potest,
512 3736 585 3800 cujus
601 3738 747 3801 exemplum
763 3740 816 3803 jam
865 3743 923 3791 dem
939 3744 1013 3805 plane
1033 3742 1131 3806 generis
1148 3752 1196 3803 est,
1211 3744 1280 3807 qvod
1300 3743 1403 3807 prinu

177 3852 189 3869 '
270 3812 320 3847 non
341 3796 424 3845 habeo
445 3798 470 3846 in
488 3810 598 3862 promtu.
644 3802 819 3853 Erbetoricis
868 3806 900 3854 de
914 3807 1073 3857 substantivo
1081 3808 1130 3857 sub
1145 3818 1206 3857 nou
1218 3806 1403 3871 inponim-

273 3876 333 3935 ergo
356 3861 559 3913 institutionibus
581 3863 620 3914 vis
647 3865 818 3917 horum'om-
867 3870 985 3921 lnoerbis
1004 3881 1089 3923 sutem
1098 3872 1236 3931 nonnullis,
1253 3882 1282 3922 at
1297 3872 1324 3921 in
1339 3872 1402 3931 ι’ξιῦι

271 3940 342 3976 ιιιιιιιι
353 3936 413 3978 nota
427 3942 482 3975 esse
500 3932 686 3981 suteommodc
698 3935 818 3997 cognosci
867 3946 893 3985 ct
904 3940 973 4004 ungris
987 3946 1092 3997 camut
1107 3952 1158 3987 non
1166 3938 1277 3986 alienans
1293 3936 1402 3986 abini-

272 3999 365 4055 potesl.
397 3990 565 4066 (lum-antem
578 3995 676 4057 duplici
693 4000 768 4047 modo
785 4000 818 4049 ad
865 4010 931 4060 tuto,
949 4003 1117 4060 tremimus,
1136 4002 1257 4064 qnoniam
1272 4000 1322 4051 viri
1339 3998 1401 4050 docti

271 4055 432 4129 periphrasin
451 4054 511 4131 bina
535 4056 637 4108 nomina
665 4062 805 4127 conjungen
867 4070 899 4113 de
911 4064 963 4115 illis
974 4066 1095 4130 ambigue
1105 4065 1186 4115 locuti
1195 4066 1400 4131 opportunitate·

272 4130 322 4179 tur,
339 4122 435 4176 velsrc.
447 4129 510 4195 utro
521 4121 632 4186 genitivo
649 4136 754 4189 ponetur
772 4144 817 4178 no·
865 4129 940 4178 nobis
965 4131 1024 4179 darc
1045 4130 1194 4181 videbantur
1212 4132 1327 4193 quadan
1346 4130 1401 4179 dili·

272 4200 329 4233 men
349 4200 526 4246 necessarlum,
552 4190 762 4251 quemadmodum
790 4193 816 4243 in
863 4194 963 4257 gentius
979 4194 1157 4270 persequendi,
1170 4194 1265 4259 quibus
1278 4209 1400 4245 ιιιοιιιιι-

270 4248 345 4323 locis¹
358 4249 496 4313 propositis
519 4251 636 4302 omnibus
652 4254 744 4305 fictum
759 4266 815 4319 ert5
863 4266 904 4308 tur
920 4258 1036 4318 meroni,
1063 4274 1095 4309 ne
1117 4261 1176 4309 licta
1195 4260 1399 4309 sbunshntisde·

271 4313 371 4375 velsrc,
390 4319 420 4362 ut
438 4312 463 4363 id
481 4324 590 4365 mutetur
609 4316 635 4366 in
654 4320 816 4384 adjectivum,
864 4323 934 4385 capti
943 4324 1100 4388 negligenter
1107 4334 1153 4375 aut
1162 4324 1307 4375 leviterills
1318 4322 1399 4373 transi·

265 4374 815 4513 t.r.rui⁰.²‘*·‘l'”fm>vt”¹²³l
864 4396 919 4437 Μ
960 4390 1031 4465 ¹¹⁰⁹*
1047 4399 1145 4508 ..stt
1161 4390 1195 4461 -·‘¹
1214 4388 1397 4517 'tritt

268 4506 375 4580 Septa
390 4462 735 4575 Triobasviiefprlorloma
745 4467 813 4565 'iiii-
860 4467 1029 4577 :tibiuriisiiu
1145 4463 1202 4509 mo*
1221 4464 1249 4507 a
1310 4470 1323 4503 ι
1356 4535 1361 4543 “

265 4570 317 4625 hus
353 4573 385 4631 ad
412 4582 583 4647 argumentum
607 4584 722 4637 nostrum
745 4578 811 4635 trahi

340 4710 351 4751 Ι
