3117 5175
299 375 360 442 120
538 381 781 444 PLEONASMI
801 375 1166 442 conmnossonvm

297 555 416 622 ticulas
431 553 573 620 inclusas
596 547 732 622 habeut,
750 549 823 630 jam
847 567 914 613 non
934 567 1017 632 opus
1040 552 1092 610 est
1111 544 1361 626 utsingulatim
1382 546 1432 610 di·

296 661 379 792 mig:
397 721 435 788 Iu
450 698 621 786 nectendis
636 723 813 804 adjectivis,
831 739 906 786 cum
932 729 1036 784 antec.
1060 717 1166 782 πολλὰ
1186 719 1331 782 otiosum
1352 737 1430 800 quo·

298 808 474 878 dammodo
490 809 603 872 baberi
630 808 678 872 sai
702 814 823 893 potest.
867 805 1040 890 Leguntur
1062 824 1183 889 nempe
1197 805 1309 868 multa
1322 805 1430 886 buJus·

241 931 248 938 ·
299 897 387 964 modi
401 916 409 956 :
433 895 537 958 πολλοὶ
560 894 610 958 καὶ
634 895 746 980 πονηρὰ
760 899 862 967 ποιεῖν,
886 918 923 957 ω.
949 920 979 954 ιι.
993 892 1073 956 καλαὶ
1086 888 1261 964 κεκτῆσθαι,
1283 890 1432 956 derebus

297 981 462 1067 jucundis,
477 981 687 1063 injucundis;
710 982 875 1063 turpibus,
901 980 1047 1043 honestis
1062 985 1125 1042 etc.
1142 978 1183 1041 de
1197 996 1267 1060 qua
1280 977 1432 1057 loquendi

299 1071 408 1136 forme
433 1067 503 1130 dixi
529 1068 571 1131 ad
599 1063 683 1132 Xeu.
713 1065 853 1132 Memor.
881 1068 914 1132 ii.
940 1065 974 1139 9,
998 1064 1029 1128 6.
1074 1063 1151 1132 Νοιι
1173 1064 1331 1148 placebat
1353 1065 1433 1128 mibi

300 1157 382 1222 olim
397 1149 518 1218 Zeunii
532 1155 711 1238 explicatio
732 1153 774 1216 ad
801 1151 877 1235 Cyri
893 1151 985 1217 Disc.
1011 1152 1054 1215 is.
1082 1150 1115 1224 5,
1147 1150 1196 1216 15.
1217 1148 1436 1238 ιιιιιὶιιιωᾳιι

301 1239 409 1314 hortor
439 1263 478 1302 a.
502 1267 532 1303 κ.
556 1239 676 1316 ἀγαθάς
700 1241 759 1304 scd
781 1247 833 1304 est
857 1247 946 1304 certe
968 1237 1213 1320 simplicissima
1233 1257 1242 1308 ;
1266 1237 1366 1301 modo
1395 1239 1433 1309 is,

302 1329 360 1408 qui
376 1326 504 1409 primus
518 1327 585 1390 tale
600 1327 679 1408 quid
692 1328 791 1400 dixit,
812 1326 950 1390 verbum
973 1324 1176 1398 adbibuerit,
1198 1343 1266 1405 quo
1282 1326 1354 1405 ipso
1367 1343 1433 1388 sm·

301 1415 443 1495 biguum
469 1413 572 1476 πολλαὶ
596 1413 801 1486 definiretur,
824 1419 862 1476 ut
885 1412 988 1475 πολλὰ
1006 1458 1038 1474 ..
1058 1409 1251 1496 ,ἐδωρήσω
1298 1409 1430 1492 Poterat,

305 1501 363 1574 ille
378 1507 448 1564 tum
464 1498 674 1582 interponere
699 1499 747 1562 rat
770 1499 1038 1571 undenarium,
1062 1517 1130 1579 quo
1156 1494 1306 1560 Zeunius
1328 1499 1433 1582 capie-

301 1586 374 1660 bat,
398 1604 498 1672 eaque
516 1584 661 1672 pulchra.
707 1584 797 1650 Nam
823 1583 970 1650 donawi
996 1584 1095 1648 uerbo
1116 1585 1186 1665 jam
1208 1584 1434 1664 significentur
1477 1647 1487 1673 ,

302 1693 354 1738 res
369 1673 473 1745 bone,
495 1679 535 1737 ut
558 1692 632 1755 quae
647 1671 730 1738 dono
754 1673 827 1737 dari
841 1674 980 1736 soleant.
1024 1667 1113 1732 loca
1125 1669 1251 1734 talibus
1266 1671 1380 1735 uerbis
1393 1673 1439 1736 in·

303 1761 415 1841 signis
429 1763 506 1822 sunt
520 1755 679 1824 Hemdot.
704 1759 750 1822 ix.
776 1759 828 1823 37.
850 1755 1028 1822 πεπονθότες
1049 1758 1154 1820 πολλά
1174 1782 1205 1819 τε
1230 1757 1282 1818 καὶ
1305 1759 1438 1842 ἀνάρσια

305 1852 340 1911 et
354 1847 519 1918 πεισόμενος
532 1869 564 1909 τ.
584 1872 616 1908 τε
639 1844 686 1910 xci
709 1849 813 1930 λυγρά.
858 1843 957 1909 Pauo.
981 1843 1032 1908 iii.
1048 1843 1081 1907 3.
1103 1839 1301 1906 Ἀποθανόιτι
1320 1842 1353 1905 δὲ
1367 1850 1441 1930 αὐτῷ

304 1927 493 2016 (Polydoro)
509 1934 613 1995 πολλά
635 1959 667 1995 τε
689 1931 769 2017 παρὰ
789 1929 1019 2006 Λακεδαιμονίων
1043 1927 1153 1990 δέδοται
1178 1928 1228 1991 καὶ
1250 1926 1394 2005 ἀξιόλογα
1417 1935 1442 1995 ἐς

306 2017 406 2092 τιμήν.
451 2013 495 2080 Et
507 2019 554 2082 iii.
568 2015 598 2084 6.
614 2019 714 2082 πολλοὶ
726 2045 757 2080 τε
773 2018 821 2080 καὶ
834 2013 932 2102 ἐχθρὰ
946 2023 974 2079 ts
986 2015 1039 2081 τὴν
1050 2014 1176 2099 πατρίδα
1190 2017 1352 2088 ἐτόλμησε.
1396 2014 1443 2080 De

307 2105 438 2185 reliquo
463 2105 525 2166 etsi
553 2106 619 2170 haec
639 2106 725 2168 ratio
748 2104 978 2168 intercedentis
998 2101 1124 2184 copulae
1153 2103 1307 2184 paullum
1338 2103 1442 2166 immi·

306 2189 380 2253 nuit
394 2188 626 2263 subtilitatem,
649 2198 761 2255 tamen
778 2192 812 2253 in
828 2208 926 2254 usum
944 2189 1131 2252 introducta
1144 2186 1325 2269 gravitatis
1338 2192 1442 2273 specie

306 2274 440 2358 probari
466 2277 587 2356 potuit.
632 2273 728 2339 Certe
743 2277 855 2359 ipsum
868 2275 981 2348 comui,
1003 2275 1158 2356 quoniam
1177 2275 1355 2339 obscurum
1377 2285 1441 2352 est,

305 2360 491 2445 phantasiae
512 2361 621 2424 nescio
644 2360 721 2442 quid
755 2381 912 2444 magnum
940 2360 1110 2445 proponit,
1132 2366 1166 2424 et
1187 2361 1236 2424 καὶ
1263 2364 1363 2442 quasi
1388 2383 1445 2426 cu-

306 2448 390 2510 muli
412 2447 485 2512 loco
509 2447 584 2509 noui
607 2447 686 2528 quid
701 2446 820 2512 afferre
835 2449 976 2524 videtur,
997 2465 1072 2511 cum
1085 2451 1197 2512 lamen
1213 2448 1260 2521 id,
1283 2449 1375 2531 quod
1397 2468 1445 2512 se

306 2535 432 2615 quitur,
449 2533 494 2598 sit
508 2533 800 2617 pernecessarium,
829 2553 889 2600 nec
904 2536 976 2599 siue
991 2555 1031 2599 eo
1044 2535 1149 2619 possit
1167 2534 1327 2617 intelligi,
1349 2539 1446 2601 πολλὶ

309 2622 375 2686 ista
397 2625 492 2703 cujus
513 2622 581 2683 sint
601 2621 743 2702 generis.
789 2620 905 2689 Cicero
925 2622 1056 2703 quidem
1076 2618 1171 2685 Tusc.
1194 2642 1225 2685 v.
1259 2621 1316 2686 34.
1347 2626 1450 2687 scm

310 2706 359 2769 sal
378 2704 465 2781 ’ὄλβια
477 2708 510 2769 in
525 2708 763 2790 epigrammate
775 2708 1006 2792 Sardanapali,
1019 2708 1106 2791 quod
1121 2708 1156 2770 in
1170 2706 1310 2772 Autbol.
1326 2710 1450 2791 legitur

201 2838 207 2843 -
309 2800 345 2856 et
360 2794 546 2877 apluribus
567 2800 843 2859 commemoratur
871 2794 915 2876 (ι.
941 2792 1077 2877 Menag.
1100 2794 1143 2856 ad
1158 2791 1259 2875 Diog.
1276 2793 1392 2859 Lsert
1414 2818 1447 2881 p.

314 2876 400 2963 152.)
425 2882 588 2963 expressit
610 2878 653 2943 ad
677 2881 826 2955 verbum,
851 2888 885 2945 et
909 2882 1029 2964 copula
1050 2881 1183 2962 quidem
1198 2899 1265 2945 uon
1283 2883 1446 2964 neglecte,

309 2964 412 3031 ιιιιιίια
425 2974 457 3030 ct
467 2964 640 3052 pedara:
662 2965 719 3031 sed
734 2987 839 3048 neque
855 2969 925 3052 ipse
939 2968 1016 3031 aliis
1029 2968 1122 3049 locis,
1144 2985 1250 3049 neque
1273 2969 1333 3033 alii
1349 2972 1447 3052 scrip

310 3058 398 3117 tores
414 3049 525 3119 Latini
542 3054 588 3117 sic
604 3054 706 3117 locuti
731 3054 948 3137 reperiuntur.
993 3050 1112 3135 ltaque
1138 3054 1258 3117 melius
1271 3074 1347 3118 esse
1362 3056 1447 3119 sidc-

310 3145 377 3213 tur,
400 3142 552 3223 copulam
567 3143 738 3221 tamquam
752 3142 892 3205 otiosam
915 3140 1051 3204 omnino
1065 3159 1131 3205 non
1145 3148 1275 3205 vertere
1289 3161 1297 3203 ι
1323 3148 1360 3205 et
1374 3142 1448 3206 bac·

311 3231 409 3289 tenus
423 3245 486 3289 non
503 3230 607 3298 muto,
652 3245 701 3289 uae
714 3226 881 3311 disputari
896 3226 940 3290 ad
952 3222 1104 3309 Xenoph.
1119 3228 1142 3291 l.
1157 3246 1186 3289 e.

357 3310 389 3371 6.
410 3308 452 3373 Vl
495 3330 551 3375 rue
572 3312 614 3373 de
629 3246 735 3375 (idios.
763 3311 823 3377 Gr.
852 3313 924 3377 viii.
941 3311 974 3388 7,
991 3313 1021 3375 6.
1045 3313 1187 3385 dixerat,
1210 3315 1315 3385 tacite
1336 3334 1449 3379 asses·

311 3394 416 3459 tiente
471 3398 581 3470 eunio,
604 3396 653 3459 καὶ
669 3416 722 3482 sp.
749 3399 880 3465 Atticos
895 3418 980 3483 saepe
999 3416 1128 3473 samia,
1154 3401 1298 3463 maxime
1320 3412 1400 3485 post
1421 3405 1450 3465 π’

312 3502 397 3555 ποτε,
419 3487 457 3545 ut
470 3478 618 3566 Xenoph.
636 3480 681 3547 Η.
699 3482 758 3549 Gr.
772 3488 807 3551 ii.
824 3485 858 3561 3,
873 3485 935 3563 47.
980 3483 1045 3549 Sed
1055 3486 1122 3549 rim
1134 3488 1310 3571 particulos
1324 3489 1448 3552 talibus

314 3568 349 3631 in
372 3567 452 3631 iocis
482 3570 615 3653 aperuit
640 3570 689 3634 ibi
715 3572 786 3636 Cel.
815 3570 1047 3647 Hermanuus3
1085 3592 1157 3637 esse
1184 3591 1304 3657 nempe
1335 3572 1449 3639 Germ.

315 3650 395 3718 αιιΙι
417 3658 450 3718 et
463 3654 531 3739 ja;
552 3660 587 3719 et
608 3658 642 3720 in
664 3656 808 3722 formula
823 3661 853 3721 τί
873 3660 936 3743 χρὴ
950 3658 998 3723 καὶ
1019 3664 1111 3735 λέγειν
1131 3660 1292 3735 dubitari,
1315 3680 1383 3725 non
1403 3682 1449 3725 so·

313 3742 384 3805 lum
399 3737 493 3827 quid,
516 3742 688 3806 sedetiam
714 3764 756 3807 on
776 3741 902 3829 aliquid
922 3746 968 3809 eit
989 3745 1173 3810 dicendum.
1219 3744 1295 3815 Hos
1309 3750 1362 3813 rel
1377 3750 1450 3812 ideo

314 3828 523 3913 probandum
536 3834 631 3912 puto,
648 3828 739 3910 quin,
762 3829 810 3891 καὶ
833 3831 1008 3894 manifesto
1022 3834 1167 3914 pertinet
1181 3832 1222 3897 ad
1237 3838 1344 3909 λέγειν.
1387 3832 1452 3898 Its·

314 3934 379 3996 que
395 3914 510 3979 inillis
526 3916 581 3979 hic
596 3934 710 3981 sensus
726 3918 832 3979 inest:
857 3914 953 3987 Quod
966 3916 1094 3982 tandem
1108 3938 1222 3983 nomen
1234 3918 1310 3995 tibi,
1336 3930 1370 3985 et
1387 3942 1450 3985 onr-

316 4000 395 4066 m'no
417 4020 494 4065 num
515 3998 648 4086 aliquod
672 4000 734 4066 libi
756 4022 870 4067 nomen
891 4000 966 4067 dori
984 4010 1118 4090 potest?
1139 4026 1207 4088 quo
1227 4004 1451 4073 Theramenes
1527 4011 1528 4045 ³

317 4086 493 4169 significat,
527 4084 678 4151 Graeam
711 4090 861 4173 linguam
894 4091 1149 4171 verbocarere,
1183 4110 1252 4173 quo
1273 4094 1450 4159 insolentia

305 4170 433 4237 Critiae
455 4174 561 4255 possit
582 4174 753 4239 declarari.
798 4172 840 4239 Et
870 4173 1006 4241 Conrir.
1032 4179 1053 4242 i.
1079 4178 1129 4242 15.
1152 4179 1262 4243 serbis
1283 4183 1358 4243 τίιιι
1372 4182 1449 4245 tm«

317 4260 365 4323 καὶ
390 4264 478 4321 καλεῖ
493 4262 533 4335 μέ
552 4286 595 4323 τις
615 4280 728 4325 scurra
749 4262 927 4343 significat,
949 4284 1013 4327 non
1034 4264 1128 4330 modo
1144 4274 1279 4352 propter
1297 4264 1400 4331 νιίιιιιι
1416 4286 1450 4329 se
1527 4283 1528 4308 ι

316 4365 381 4410 non
404 4354 550 4411 vocatum
575 4346 629 4427 iri,
659 4346 717 4413 sed
738 4347 866 4430 minino
880 4369 945 4413 non
959 4348 1005 4415 iri
1024 4360 1177 4416 voculam.
1221 4348 1383 4429 Ratiom
1394 4353 1449 4414 de·

318 4432 396 4495 inde
418 4434 490 4515 ipse
512 4432 637 4515 adjicit.
660 4508 662 4519 Ι
682 4435 747 4519 Ap.
765 4432 947 4518 Lueirmum
963 4438 999 4501 in
1014 4435 1100 4502 Navi
1115 4458 1141 4503 s.
1187 4436 1283 4503 Votis
1305 4460 1334 4503 c.
1352 4438 1381 4502 1.
1401 4438 1446 4499 sic

317 4515 458 4585 dicitur:
481 4507 524 4582 Ti
536 4521 593 4605 γὰρ
609 4518 660 4585 ἔδει
674 4522 723 4591 καὶ
737 4527 842 4607 sorsin
865 4523 889 4590 i·
903 4540 932 4597 e·
952 4520 1042 4618 Qttt'd
1053 4522 1141 4594 enim
1154 4525 1317 4614 oportebat
1334 4528 1445 4615 agere!
