3117 5175
537 468 781 529 error—error(
1071 452 1077 475 ‘
1178 464 1221 539 33

410 624 598 693 *ΑΥΤΟΥ
624 632 677 693 rel
707 628 903 698 Emo‘r.

136 705 252 779 Multa
270 709 408 795 quidem
433 716 547 779 omissi
570 716 665 795 hujus
687 714 897 782 Pronominis
921 724 1069 805 exempla
1090 719 1219 802 Bosius,

89 792 256 865 himerus
286 807 326 865 et
357 798 561 866 Beruboldus
593 803 818 885 suppeditant.
883 803 1076 887 Neglectam
1110 818 1221 877 autem

88 882 171 947 rideo
191 888 340 970 ellipsin
362 889 550 970 possessivi,
571 890 677 967 cujus,
699 893 776 953 utut
799 891 1067 970 frequentissima
1090 897 1145 971 sit,
1167 918 1222 963 ex·

87 972 186 1051 cuph
214 981 336 1037 tamen
367 977 419 1038 rel
433 976 468 1037 in
489 974 736 1038 adolescentum
766 977 909 1057 gratiam
942 978 1092 1042 addenda
1116 992 1221 1049 erant.

87 1052 161 1121 Vide
173 1079 263 1142 ergo
286 1058 536 1124 Μ1η1.1.37.
558 1062 627 1123 xix.
642 1059 696 1123 29.
719 1061 796 1126 Luc.
818 1064 878 1126 xii.
901 1063 954 1127 53.
983 1064 997 1127 1
1015 1064 1092 1129 Cor.
1115 1069 1173 1131 vii.
1190 1068 1222 1132 7.

86 1156 140 1207 etc.
184 1142 228 1211 In
243 1165 334 1210 noro
355 1150 554 1210 testamento
565 1148 674 1229 hujus,
696 1152 733 1211 ut
746 1150 885 1213 aliorum
902 1153 1130 1233 pronominum
1152 1174 1225 1237 pos-

85 1232 302 1301 mirorum.
314 1233 443 1315 ellipsis
460 1233 620 1316 praecipue
636 1235 764 1299 obtinet
783 1236 825 1297 ad
838 1234 971 1317 ἀδελφὸς,
994 1236 1119 1320 ἀδελφὴ,
1142 1241 1225 1326 ἀνὴρ,

85 1317 163 1389 suri,
176 1318 252 1391 υἱὸς,
268 1324 307 1383 et
317 1320 387 1383 alia
398 1320 559 1399 quaedam,
571 1320 614 1381 ad
633 1338 706 1399 quae
725 1322 899 1385 orientales
919 1326 1084 1388 versiones
1104 1346 1225 1409 prono-

86 1421 153 1553 {23¹
165 1406 332 1555 spspp4ere
342 1406 446 1554 digcges
457 1427 507 1555 (1ξί
509 1401 869 1557 gesslgdgimglrscbaelbsl
879 1406 990 1558 Trarlttss.
1005 1413 1079 1476 crit.
1101 1414 1141 1522 de
1156 1432 1223 1521 vap.

85 1582 205 1647 γυναῖκα
218 1512 354 1662 videbe,
376 1579 445 1642 scil.
460 1581 561 1644 airis.
608 1576 755 1641 Marmor
762 1513 851 1662 acpud
868 1514 1152 1665 Slplithumnguggr
1173 1526 1227 1649 11111

88 1660 217 1747 ἰασίμῳ
229 1664 280 1727 καὶ
294 1669 388 1748 ἑαυτῇ
401 1664 449 1727 καὶ
465 1661 615 1749 Κορνηλίῳ
629 1662 804 1747 Εὐτνχιανῶ
817 1664 903 1751 ἀνδρί.
950 1666 1049 1731 Plene
1062 1688 1096 1753 p.
1115 1670 1164 1732 18.
1180 1653 1229 1733 uui

87 1754 125 1831 τῇ
139 1753 321 1835 γλυκυτάτη
334 1754 426 1814 αὑτοῦ
440 1753 562 1824 γυναικί.
607 1748 768 1815 Hesiodus
777 1732 947 1835 Theogon.
973 1754 1049 1819 338.
1085 1759 1170 1837 φίλου
1183 1754 1230 1819 1ιᾶ

86 1834 187 1907 μήδεα
197 1837 372 1920 manducat
390 1835 467 1900 474.
490 1840 513 1899 ei
535 1836 564 1900 δὲ
577 1834 702 1922 θυγατρὶ
715 1840 788 1922 φίλῃ
809 1841 894 1913 μάλα
908 1840 960 1914 μὲν
975 1844 1071 1905 κλύον.
1116 1842 1229 1907 Dubia

87 1922 258 1985 interdum
278 1942 326 1987 res
356 1931 419 1995 est,
446 1925 642 1987 omissumne
666 1927 793 1989 censeri
821 1926 949 1999 debeat,
971 1944 1113 1990 neone:
1144 1949 1174 1992 v.
1197 1949 1227 1993 c.
1288 1931 1292 1937 ’
1405 1972 1409 1983 .

88 2006 209 2072 Actor.
225 2010 248 2071 i.
269 2008 316 2072 14.
363 2006 525 2074 Craterum
545 2011 579 2073 in
594 2009 719 2075 Dativo
729 2012 833 2075 ctiam
847 2030 923 2077 casu
937 2014 1104 2079 omittitur
1118 2018 1229 2079 ἑαυτοῖς

88 2096 127 2159 in
140 2100 306 2179 προέχειν.
339 2092 604 2161 Martanum.
626 2094 663 2160 F.
679 2097 738 2161 S'r.

566 2206 759 2273 ἈΥΤΟΣ

127 2302 387 2390 Relatiribujus
402 2309 445 2372 ad
466 2308 701 2391 possessionem
723 2309 933 2374 indicandam
955 2310 1096 2375 adhibiti
1118 2312 1230 2374 eadem

89 2400 136 2456 est
165 2397 271 2458 milo.
332 2392 482 2458 AElianus
507 2395 566 2458 1111.
592 2392 646 2457 47.
690 2396 801 2479 ὕστερον
828 2394 857 2459 δὲ
883 2398 937 2463 riv
965 2402 1087 2472 γυναῖκα
1112 2394 1230 2480 (αὑτοῦ)

90 2478 210 2543 ἄκουσαι
229 2480 385 2567 δορυφόρῳ.
430 2479 615 2561 Pbocylidis
641 2484 807 2546 sententia
821 2490 892 2546 est:
915 2480 957 2544 Ti
967 2484 1023 2569 γᾶρ
1035 2483 1166 2570 ἡδύτερον
1181 2482 1229 2545 καὶ

89 2562 187 2650 ἔρυον,
200 2566 223 2636 ἦ
236 2568 311 2630 bras
324 2566 481 2652 dripipvni
502 2572 601 2654 φρονέῃ
620 2570 693 2649 φίλα
714 2568 820 2653 γήραος
839 2566 922 2654 ἄχρι.
946 2580 948 2584 ’
968 2569 1059 2634 Adde
1078 2567 1156 2634 Joh.
1182 2571 1228 2634 11.

90 2654 120 2716 8.
142 2653 273 2719 Matth.
295 2656 369 2718 xiii.
398 2654 446 2718 10.
469 2653 523 2718 36.
545 2675 599 2718 xv.
623 2655 653 2717 6.
708 2655 853 2720 Dubium
873 2663 924 2720 est
948 2657 962 2720 l
988 2656 1074 2720 Tim.
1101 2659 1151 2720 111.
1178 2657 1227 2720 ll.

90 2739 160 2804 Nec
193 2741 496 2825 praetermittendus
528 2748 579 2804 est
612 2743 725 2806 omissi
769 2741 864 2823 hujus
899 2744 1106 2826 pronominis
1140 2762 1229 2816 usus,

90 2847 182 2908 quem
196 2828 371 2909 euphonia
384 2827 517 2890 inuexit.
562 2827 654 2890 Sicut
674 2829 762 2891 enim
785 2829 962 2892 innumeris
982 2832 1017 2894 in
1040 2830 1121 2894 iocis
1143 2830 1230 2892 idern

91 2933 182 2977 casum
196 2914 359 2977 aduobus
371 2913 479 2976 uerbis
497 2929 539 2974 ex
557 2915 685 2978 diversa
707 2916 806 2998 plane
829 2915 942 2994 regula
962 2935 1035 2978 eum
1057 2915 1232 2977 admitten-

92 3001 178 3064 tibus
198 3001 342 3084 pendet,
363 3004 459 3080 atque
479 3003 537 3060 aut
550 3005 624 3080 post
641 3002 731 3082 prius
753 3001 965 3083 supplendus,
988 3007 1045 3063 aut
1065 3005 1139 3083 post
1158 3019 1232 3082 pos·

92 3090 189 3150 terius
211 3088 255 3150 de
287 3106 373 3150 novo
401 3090 450 3148 est
476 3087 684 3175 repetendus:
717 3089 764 3150 ita
787 3087 939 3166 inprimis
961 3088 994 3148 in
1025 3083 1233 3149 Pronomlnis

94 3174 219 3237 relativi
242 3173 334 3238 αὐτὸς
356 3179 521 3236 structura
543 3171 577 3234 id
605 3173 743 3234 obtinet.
797 3169 865 3234 Ubi
888 3172 939 3235 bis
967 3173 1001 3234 in
1022 3171 1136 3235 eodem
1155 3191 1233 3237 casu

96 3259 177 3322 iliud
196 3259 386 3340 ponendum
404 3265 502 3330 esset,
523 3260 622 3322 semel
642 3263 771 3322 tantum
792 3257 1016 3341 exprimitur⁰,
1037 3258 1093 3321 sed
1116 3259 1175 3334 ita,
1196 3261 1233 3321 ut

96 3363 118 3407 a
143 3346 266 3409 duobus
293 3345 414 3418 verbis,
442 3350 528 3408 utut¹
545 3345 595 3408 vel
623 3345 845 3409 diversissima
882 3365 923 3408 ex
954 3345 1065 3425 regula
1093 3345 1233 3407 eundem

95 3451 205 3496 marm
224 3432 498 3502 adsciscentibus,
522 3429 614 3493 simui
642 3439 784 3512 regatur.
830 3428 965 3511 Regulae
989 3431 1084 3510 hujus
1106 3437 1234 3511 syntac-

96 3519 165 3582 ticae
185 3519 368 3582 manifesta
387 3517 538 3599 exempla
560 3517 672 3589 habes,
691 3536 721 3580 e.
746 3537 779 3596 g.
805 3515 931 3580 March:
945 3517 993 3580 xi.
1013 3519 1045 3578 8.
1073 3517 1176 3578 xxvii.
1198 3517 1231 3579 2.

96 3601 171 3667 Job.
190 3606 242 3668 111.
254 3604 313 3670 32.
329 3602 402 3668 Act.
416 3605 439 3666 1.
453 3602 486 3666 3.
504 3623 536 3665 1.
553 3601 607 3665 27.
620 3603 699 3666 xvii.
713 3602 767 3666 21.
782 3601 836 3666 27.
858 3603 870 3665 1
901 3601 985 3665 Tim.
1004 3603 1026 3666 i.
1049 3599 1098 3664 12.
1115 3602 1159 3664 iv.
1182 3602 1232 3665 ll.

96 3691 235 3756 Meum
248 3709 327 3753 vero
348 3690 389 3763 si,
408 3691 493 3769 quod
513 3689 613 3752 facile
635 3689 764 3762 fuisset,
787 3689 1002 3752 attendissent
1024 3689 1232 3770 interpretes,

97 3795 159 3840 oon
194 3783 372 3860 tantopere
401 3796 458 3838 eos
483 3781 645 3839 structura
673 3773 770 3838 Lucae
807 3775 1014 3847 exercuisset,
1041 3773 1114 3836 Act.
1146 3775 1168 3836 1.
1200 3773 1233 3837 4.

97 3867 317 3949 redegimus
335 3863 530 3946 capimus
552 3865 658 3924 αὐτοῖς.
703 3859 801 3932 Vide,
815 3880 886 3941 quae
905 3867 1021 3943 praeter
1044 3867 1192 3924 auctores
1214 3880 1236 3924 a
1329 3921 1340 3938 ,

96 3947 218 4014 Wolfio
239 3949 283 4012 ad
305 3950 339 4012 b.
359 3953 382 4013 l.
407 3949 556 4012 laudatos
578 3950 738 4011 disserunt
761 3943 816 4010 Jo.
840 3945 936 4028 Casp.
959 3946 1176 4011 Santoroccus
1199 3949 1234 4009 in

96 4035 171 4101 din.
196 4056 230 4100 1.
253 4036 298 4099 ad
317 4035 391 4100 Act.
413 4036 477 4116 Ap.
500 4039 533 4098 et
552 4030 692 4098 Zornius
714 4032 834 4117 Opusc.
864 4031 953 4134 Sacr.
981 4039 1005 4095 t.
1030 4033 1067 4096 11.
1089 4053 1121 4118 p.
1143 4031 1177 4096 4.
1201 4032 1233 4096 5.

126 4230 140 4259 t
166 4223 237 4272 Idem
264 4225 399 4274 tuomum
429 4221 506 4272 etiam
525 4220 573 4280 ibi,
598 4221 644 4270 ubi
695 4220 778 4284 prium
798 4227 842 4270 aut
863 4234 998 4283 pronomen
1017 4219 1101 4268 minus
1128 4215 1237 4269 suaviter

97 4287 177 4335 verb·
197 4288 240 4337 1111
257 4289 309 4337 duo
327 4305 399 4338 moa
419 4297 505 4351 regunt
521 4285 645 4335 diversos.
694 4294 828 4349 repetatur,
850 4285 874 4334 in
896 4285 991 4336 utrovis
1018 4284 1140 4348 regimine
1159 4283 1238 4332 semel

99 4351 306 4412 Dioeysiosilai.
318 4355 376 4402 Ant.
388 4353 465 4401 Rom.
481 4361 499 4401 t.
511 4351 540 4398 ii.
553 4353 644 4414 pata.
696 4359 799 4414 ponunt,
818 4350 896 4398 altero
919 4348 1039 4398 omisso.”
1083 4349 1184 4397 Porson.
1205 4347 1238 4396 ad

97 4414 480 4470 alamannicorum
492 4416 578 4478 λιχόη
628 4437 645 4462 ι-
696 4415 813 4479 Enripid.
830 4415 899 4463 Med.
916 4417 1008 4464 urst.
1020 4413 1065 4462 ubi
1076 4428 1100 4460 v.
1111 4411 1237 4475 exempla.

98 4481 333 4548 ηὸινςίωη
352 4483 381 4536 n’s
392 4483 645 4544 postremam.
695 4480 737 4529 Sic
752 4490 777 4529 et
790 4480 814 4528 in
832 4479 919 4530 intiba
937 4479 1032 4540 lingua.
1067 4477 1238 4539 Vidquaead

97 4543 187 4598 alv-⁹5.
224 4550 243 4574 ‘⁴
261 4547 344 4598 Greci
363 4547 471 4606 scilicet,
491 4561 548 4595 cum
568 4547 645 4594 verba
695 4545 772 4595 Plinii
795 4547 915 4610 Panegyr.
932 4542 1028 4594 lxxxvi.
1046 4545 1071 4590 3.
1086 4541 1238 4594 monuimus.

97 4611 159 4669 ὼο,
178 4611 294 4661 «liveram
309 4629 381 4662 casus
399 4611 562 4676 regentium
579 4610 645 4660 idem
694 4611 826 4678 Sensus„

98 4689 190 4726 m
199 4693 275 4744 oeque
283 4678 431 4738 retentatur,
446 4691 577 4728 nonomen
588 4691 647 4741 pro-

1017 4763 1043 4815 n
