3117 5175
274 390 309 455 n
589 352 1097 459 rmnnosouwusmn.

283 573 408 659 ubique
432 573 628 659 perspicere,
650 576 829 659 eodemque
856 578 899 642 ad
920 577 1012 645 sedes
1034 574 1130 659 quasi
1151 593 1229 641 suas
1250 578 1284 640 et
1306 572 1415 639 tontes
1546 532 1547 609 Ῐ

283 682 437 728 revocare
450 662 604 735 ualeant:
626 683 701 728 cum
726 666 829 727 etlam
844 664 931 728 viros
956 665 992 729 in
1013 664 1075 729 hac
1094 666 1209 743 lingua
1233 660 1415 743 ceteroquin

284 750 577 823 exercitatissimos
590 752 806 835 reperiamus,
827 750 885 832 qui
909 751 944 815 in
966 756 1110 815 vetemur
1129 747 1349 813 monumentis
1362 766 1416 810 ex·

287 836 450 920 plicondis
475 834 518 897 ad
543 835 706 915 ejusmodi
734 838 889 920 scopulos
910 857 995 920 soepe
1020 835 1237 903 offenderunt.
1268 832 1418 913 longissi-

288 940 405 1003 meque
430 921 507 983 binc
520 936 542 982 a
557 939 634 985 vero
652 924 823 987 verborum
848 942 943 989 sensu
970 924 1176 987 aberrarunt.
1220 916 1317 983 Unde
1342 936 1418 981 sane

288 1013 341 1073 tot
361 1007 454 1071 falsa
475 1010 573 1085 atque
594 1010 709 1073 inanes
725 1010 763 1072 in
777 1010 963 1094 depravatis
976 1010 1057 1074 locis
1070 1006 1282 1073 restituendis
1295 1005 1418 1085 conjec-

290 1100 395 1163 tura:
416 1097 467 1156 tot
491 1096 600 1157 textus
625 1096 873 1179 corruptiones:
896 1100 948 1160 tot
971 1096 1098 1179 glossae,
1121 1098 1291 1159 auctomm
1313 1090 1420 1155 verbis

291 1178 574 1254 temeratorem,
597 1181 760 1273 qriglnem
773 1186 959 1267 traxeruutss
1001 1180 1052 1247 Ut
1070 1179 1118 1265 ne'·
1127 1186 1205 1261 reiq
1218 1177 1421 1261 ndctoritate
1502 1180 1507 1187 ’

290 1272 407 1331 nostro
428 1262 489 1329 hac
515 1266 549 1328 in
565 1286 601 1331 re
614 1268 676 1332 nitl
692 1268 874 1343 videamur,
896 1271 1022 1351 aliquot
1045 1270 1162 1333 saltem
1186 1265 1337 1347 exempla
1351 1283 1420 1327 eru·

291 1352 374 1417 ditis
387 1352 468 1417 viris
482 1350 606 1417 dudum
620 1356 806 1426 observata,
829 1374 895 1419 non
921 1358 1070 1420 abstrusa
1094 1353 1227 1435 quidem
1246 1350 1305 1414 illa
1325 1355 1360 1412 et
1373 1369 1421 1413 re·

289 1438 438 1511 condita,
460 1437 520 1500 sed
541 1439 650 1503 ubivis
671 1438 742 1503 sere
762 1441 862 1505 obvia
883 1436 983 1523 atque
1002 1442 1208 1525 pervulgato,
1229 1436 1264 1501 in
1278 1437 1421 1499 medium
1496 1472 1497 1475 =

289 1523 513 1608 proferemus:
536 1526 573 1589 in
586 1527 708 1608 quibus
721 1544 787 1590 non
802 1528 938 1599 tirones,
960 1526 1017 1589 sed
1038 1527 1101 1590 viri
1116 1529 1151 1592 in
1165 1524 1283 1590 Graeca
1297 1523 1422 1587 littera·

289 1617 380 1682 tura,
408 1611 555 1673 omniurn
577 1612 716 1693 judicio,
749 1611 848 1676 facile
875 1614 1042 1697 principes
1072 1614 1107 1675 in
1129 1630 1253 1675 errores
1277 1608 1422 1697 prolapsi

288 1696 438 1765 farrum.
482 1692 764 1779 Freqrrentissiura
778 1700 814 1762 in
828 1705 976 1764 veterum
1000 1698 1133 1781 scriptis
1150 1696 1340 1779 estellipsis
1354 1710 1424 1761 ver-

292 1782 503 1859 bommitm,
523 1786 654 1849 datvm:
678 1804 784 1865 neque
797 1792 909 1850 tamen
934 1786 1040 1850 secius
1067 1786 1293 1850 ἑλλονικῶτααος
1307 1780 1424 1869 Kuste-

151 1949 154 1956 Ι
292 1887 352 1933 rus
364 1867 401 1931 in
415 1867 484 1931 illis
497 1866 730 1953 Aristophanis
745 1868 831 1936 Ran.
848 1892 878 1937 v.
899 1870 991 1936 1312.
1012 1868 1095 1946 Ἐγὼ
1110 1872 1162 1946 μὲν
1177 1865 1222 1932 cll
1237 1874 1266 1931 ts
1279 1866 1314 1930 ri
1331 1872 1425 1941 βαλα-

292 1958 533 2029 senseriacum,
554 1957 699 2037 moseum
717 1958 857 2039 librarii,
878 1956 1028 2031 annisis,
1052 1976 1111 2021 suo
1124 1956 1263 2020 adsensu
1279 1966 1427 2035 compro

291 2039 456 2105 menon
468 2039 655 2106 dubitarit:
680 2044 714 2106 id
726 2040 817 2127 quod
840 2065 881 2108 eo
906 2047 1011 2127 magis
1034 2045 1155 2107 mirum
1169 2039 1328 2113 rideatnr,
1350 2053 1426 2103 cum

292 2144 356 2191 uos
369 2122 528 2191 Germani
549 2146 682 2211 quoque
701 2132 815 2195 eadem
836 2132 947 2214 ellipsi
961 2132 1069 2195 dicere
1085 2131 1267 2194 soleamus:
1290 2124 1343 2189 ici
1363 2124 1431 2189 wilt

293 2210 349 2277 ine
359 2208 447 2285 But.
471 2233 496 2276 a
510 2212 623 2298 geaco.
667 2212 803 2298 Ubique
824 2222 943 2299 regnat
955 2216 1081 2300 ellipsis
1094 2236 1125 2280 v.
1139 2218 1299 2301 opisque:
1312 2212 1429 2276 nibilo-

294 2299 531 2365 minuatamen
545 2298 742 2366 Benedictus
758 2304 816 2367 illa
830 2301 967 2367 Luciani
991 2304 1027 2366 in
1053 2300 1174 2373 Quom.
1195 2299 1356 2364 conscrib.
1383 2298 1429 2362 sit

296 2386 416 2451 tristor.
435 2406 467 2449 e.
480 2383 535 2450 50.
557 2386 592 2454 vir
616 2391 791 2474 κατεπείγῃ,
807 2395 969 2453 verterat:
993 2388 1024 2453 si
1036 2386 1185 2475 festinet,
1207 2405 1281 2451 curn
1295 2383 1430 2448 reddere
1546 2436 1547 2455 ,

295 2470 484 2536 debuisset:
507 2470 539 2535 o·
558 2491 610 2537 rec
629 2469 755 2560 urgent.
801 2474 857 2540 Sic
880 2476 967 2559 apud
990 2475 1141 2538 eumdem
1164 2476 1199 2536 in
1222 2470 1429 2554 Philopseud.

176 2635 179 2649 Ι
295 2578 327 2626 ο.
348 2556 396 2622 14.
414 2558 485 2631 illa,
508 2556 713 2647 infirmior,
727 2562 800 2626 sttb.
818 2561 894 2642 αἴκα,
908 2579 1082 2646 perpetem
1098 2558 1260 2626 reddidit:
1283 2556 1321 2622 in
1333 2552 1432 2622 Glau-

296 2643 365 2716 αα,
385 2663 447 2728 pro
471 2665 494 2710 α
539 2644 766 2721 contem,
793 2631 1172 2714 ααιέαοιαααααααα.
1216 2643 1433 2725 ourovurga-

295 2733 365 2796 tius
388 2731 483 2814 ellips
518 2751 552 2795 r.
575 2736 698 2798 :metet
718 2736 823 2800 nihilo
849 2738 957 2800 minus
981 2742 1091 2798 tamen
1114 2731 1254 2796 Budoeus
1277 2736 1311 2795 et
1326 2728 1431 2794 Henr.

243 2893 251 2901 .
295 2815 500 2901 Stephanos,
520 2825 647 2900 quanta
661 2822 696 2884 in
712 2819 830 2886 Graeca
850 2823 1037 2886 litterature
1052 2821 1207 2885 nomina!
1229 2817 1318 2902 apud
1332 2816 1434 2880 Athe-
1546 2805 1547 2832 ¹

296 2923 406 2970 neum
422 2905 481 2967 liln
494 2906 568 2969 xiii.
583 2925 619 2988 p.
635 2905 708 2972 603.
732 2909 897 2972 ἀνακλάσας
911 2927 983 2972 esse
1004 2929 1066 2992 pro
1090 2903 1293 2977 numantinis,
1315 2911 1349 2968 et
1363 2908 1432 2966 aaa·

297 3004 374 3074 αλᾷα
386 2993 422 3054 iu
435 2993 824 3073 passivasigniflcatione
838 3013 1085 3077 nonnumquam
1099 2993 1204 3075 accipi
1219 2993 1432 3054 censuerunt:

298 3080 432 3142 comsit
449 3079 562 3159 potius
584 3079 710 3162 ellipsis
725 3099 842 3145 vocum
866 3082 940 3166 πρὸς
965 3081 1076 3154 ἑαυτὸν,
1099 3087 1136 3144 ut
1150 3077 1252 3142 variis
1274 3076 1437 3158 exemplis
1546 3097 1547 3104 ¹

299 3162 530 3245 comprobavit
543 3159 719 3244 Berglerus
731 3167 774 3228 ad
788 3166 1002 3250 Aloiphronis
1016 3168 1074 3232 llb.
1091 3167 1113 3230 i.
1127 3185 1179 3248 ep.
1194 3161 1249 3226 28.
1267 3160 1323 3226 Sic
1342 3161 1437 3243 apud
1546 3177 1547 3184 ¹

299 3247 490 3314 Philostrat
502 3248 543 3312 de
557 3251 617 3312 rit.
633 3249 786 3334 Apollon.
810 3253 867 3316 lib.
885 3255 906 3316 i.
920 3273 949 3317 c.
967 3252 997 3315 7.
1020 3251 1154 3314 δεδώκασι
1172 3249 1259 3314 male
1274 3246 1437 3331 Morellus
1546 3273 1547 3276 ¹

298 3336 444 3401 mutarit
456 3334 493 3397 in
507 3331 615 3413 ἔδοξαν,
635 3355 710 3400 cum
731 3338 902 3402 subaudiri
922 3339 1042 3401 debeat
1062 3341 1190 3401 ἑαυτούς.
1233 3332 1305 3399 Neo
1325 3336 1438 3398 minus

299 3423 392 3506 apud
405 3420 558 3496 eumdem
572 3421 614 3484 de
629 3423 688 3486 rit.
703 3421 851 3506 Sophist.
868 3425 926 3489 lib.
943 3425 978 3488 ii.
994 3421 1027 3486 2.
1042 3426 1168 3509 μυρίαις,
1183 3421 1257 3487 sub.
1274 3420 1439 3505 δραχμαῖς,

300 3509 366 3572 riri
380 3507 518 3589 quidam
543 3508 664 3571 cruditi
685 3526 860 3594 perperam
882 3511 917 3573 in
943 3513 1050 3595 κυρίας
1074 3513 1203 3573 mutare
1222 3509 1331 3572 conati
1345 3513 1438 3570 sunt.

172 3662 179 3682 p
299 3591 377 3677 Ipse
390 3594 435 3658 cl.
450 3590 569 3658 Bosius
588 3595 742 3670 affirmat,
764 3599 851 3661 inter
864 3597 966 3660 rerba
991 3595 1109 3659 Graeco
1133 3596 1256 3660 nullum
1280 3593 1439 3665 inveniri,
1546 3607 1547 3621 ¹

300 3681 391 3761 quod
418 3680 627 3761 trequentius
651 3699 713 3764 per
740 3684 874 3766 ellipsin
904 3685 1090 3758 omittatur,
1115 3699 1215 3764 quarn
1235 3699 1268 3743 r.
1293 3675 1379 3742 εἶναι
1403 3685 1442 3741 et

301 3777 414 3832 tamen
428 3767 492 3829 riri
508 3785 574 3833 uon
594 3768 800 3833 mediocriter
812 3769 945 3844 eruditi,
968 3767 1074 3840 Faber
1098 3776 1133 3832 et
1158 3765 1356 3837 Sebcfferus,
1377 3763 1444 3828 illa
1546 3797 1547 3802 ο

299 3851 428 3918 AEliani
444 3850 522 3916 Vitr-
540 3850 631 3916 Hifli.
644 3854 704 3917 lib.
720 3853 755 3918 t'i.
771 3877 800 3919 c.
816 3855 872 3920 25.
897 3855 960 3919 Kal
975 3861 1143 3931 ὁμολογοῦσι
1165 3859 1228 3917 τοῦ»
1241 3859 1329 3916 αὐτοῦ
1350 3849 1445 3925 aurbs

300 3941 414 4012 ω’άατα,
437 3939 616 4003 sollicitare
638 3943 750 4005 conati
773 3942 919 4007 fuerunt.
965 3940 1048 4016 Quis
1062 3941 1213 4022 denique·
1229 3940 1346 4012 nescit,
1367 3946 1444 4002 tam

302 4025 449 4098 Graecos,
469 4042 570 4105 quam
591 4023 730 4090 Imtinos
749 4029 861 4094 tertiis
874 4031 1025 4113 personis
1038 4027 1354 4108 verborumsaeplus
1374 4025 1446 4098 uti,
1546 4033 1547 4096 j

300 4129 481 4196 suppresso
504 4112 652 4187 nomine,
674 4115 763 4194 quod
787 4115 830 4178 ad
857 4115 1056 4200 explendum
1082 4129 1216 4178 sensum
1236 4111 1447 4196 requiritur:

302 4200 441 4263 fuerunt
454 4203 566 4260 tamen
582 4199 644 4262 riri
659 4199 792 4275 eruditi,
805 4204 864 4282 qui
879 4203 1059 4286 ellipticam
1072 4201 1157 4263 banc
1167 4198 1323 4280 loquendi
1338 4195 1449 4259 ratio-

303 4303 394 4360 nem,
416 4304 447 4347 e.
462 4303 498 4366 g.
523 4282 693 4349 Mattb.r.
714 4286 765 4362 11,
794 4287 841 4352 15.
865 4295 899 4354 et
921 4289 1015 4364 alibi,
1037 4305 1098 4372 pro
1122 4284 1294 4350 Ebraismo
1318 4289 1449 4348 temere

304 4370 516 4435 babuerunt:
537 4388 613 4436 cum
636 4372 837 4439 creberrima
860 4377 919 4441 illa
942 4376 1068 4459 ellipsis
1095 4393 1127 4436 v.
1148 4369 1291 4456 ἄνθρωποι
1315 4387 1372 4432 eos
1399 4370 1450 4433 ab

304 4477 419 4521 errore
439 4455 501 4520 boe
521 4459 609 4532 tueri
633 4461 808 4542 potuisset.
852 4461 923 4526 Nee
944 4481 1021 4527 vero
1043 4459 1176 4538 mirum,
1196 4458 1231 4521 id
1253 4459 1289 4521 in
1315 4453 1452 4520 Graecis

304 4544 477 4618 accidisse,
498 4563 574 4608 cum
601 4547 749 4628 ejusdem
772 4547 862 4613 vocis
889 4549 1014 4632 ellipsis
1037 4547 1126 4630 apud
1148 4543 1286 4610 latinos
1310 4561 1455 4626 quoque

303 4631 427 4698 multus
455 4631 492 4696 iu
525 4651 670 4702 errorem
696 4633 890 4713 induxerit:
922 4637 972 4702 uti
1002 4633 1212 4706 Burmannus
1236 4631 1280 4699 od
1308 4627 1453 4700 Paaecr.
