3117 5175
390 402 626 492 rmonrsm
646 404 997 503 Amserrvonura¹
1217 409 1281 507 ιιι

136 574 162 609 “
185 567 317 635 lendum
341 580 434 656 puto,
455 577 579 661 quippe
604 577 776 659 glossema.
819 576 855 641 Sl
877 577 1068 663 Polydamas
1088 581 1282 658 ciuitatem¹

137 663 162 695 “
185 674 280 721 suam
293 676 368 722 cum
390 659 513 726 iasone
531 666 700 746 conjungit
725 667 824 728 πείσας
838 664 1101 751 (parascedem),
1121 671 1258 752 conjun-

136 749 160 780 “
183 742 319 822 gitesm
333 750 448 811 ἑκοῦσαν
461 748 642 831 (volentem,
666 747 917 831 masnadam)
939 749 1157 818 cum-lasona
1201 752 1259 821 Sic

136 830 160 867 “
182 829 361 911 sepissime
375 832 493 907 Graeci,
507 843 546 899 ut
560 834 723 901 Plutarch.
742 834 1003 920 Philopoem.,l5.
1024 836 1090 903 roris
1110 841 1162 914 μὲν
1177 836 1261 915 isco,
1305 870 1308 881 ·

135 922 161 953 “
183 938 251 989 rar,
274 914 339 980 τοὺς
369 917 400 981 δὲ
427 923 586 993 συμπείσας
609 945 634 985 rr
649 922 838 996 oomdprro.”
897 918 1054 987 Defendit
1088 925 1258 1007 vulgatum

134 997 285 1085 Koeppen
308 1004 410 1068 allato
424 1006 496 1069 loco
515 1004 600 1090 Eup.
623 948 701 1089 dyri
724 1026 757 1071 v.
787 1008 816 1081 l,
840 1002 890 1070 14.
912 1027 977 1073 non
998 1010 1086 1073 male
1107 1011 1164 1075 ille
1185 1014 1258 1091 qui·

131 1085 235 1158 dcm:
261 1089 419 1169 quoniam
442 1110 485 1155 ex
505 1112 545 1157 eo
565 1099 653 1157 certe
673 1096 776 1175 patet,
798 1096 892 1159 τεῖσαι
913 1101 947 1159 et
975 1097 1075 1159 ἑκόντα
1102 1115 1200 1180 posse
1221 1099 1258 1161 iu

132 1173 248 1237 eadam
261 1178 428 1241 sententis
442 1178 611 1260 conjungi,
633 1179 715 1242 adeo
738 1184 778 1243 ut
800 1182 814 1241 ὅ
833 1175 957 1249 πεισθείς
976 1180 1100 1263 aliquid
1117 1183 1186 1247 iada
1207 1183 1258 1248 ia·

131 1259 210 1323 cist
228 1330 232 1339 ¹
252 1258 317 1323 Sed
341 1279 458 1343 urgere
472 1264 528 1327 llla
549 1264 701 1338 debebat,
724 1269 839 1330 ἑκοῦσαι
853 1283 919 1327 ιιοιι
942 1268 1109 1349 pertinere
1130 1269 1172 1335 ud
1192 1270 1257 1347 ssi·

131 1369 197 1418 aar,
219 1346 276 1409 sed
289 1345 331 1408 ad
346 1352 513 1431 σύμμαχον.
557 1348 713 1414 Promisit
725 1347 930 1431 Polydamas,
943 1372 977 1415 ce
991 1350 1154 1418 ct⁸vitatem
1165 1372 1257 1420 arom

132 1448 197 1495 osce
214 1442 441 1517 permotamm,
463 1433 532 1517 (Gi.
551 1454 652 1519 supra
673 1432 852 1585 ΛΟΓΟΣὲ
866 1443 903 1499 at
925 1448 1034 1523 sponte
1057 1439 1134 1522 (non
1153 1444 1256 1507 armis

130 1516 442 1604 coacts)rosr'etotcm
454 1539 526 1585 oum
539 1518 567 1585 J
566 1540 661 1587 arone
663 1520 785 1671 pumat.

854 1523 884 1585 ic
898 1529 932 1586 et
948 1524 1053 1588 altero
1068 1528 1103 1589 in
1118 1523 1203 1610 Exp.
1216 1524 1256 1590 Ο.

130 1601 205 1666 loco
218 1607 333 1668 ἑκούσας
347 1624 413 1669 ῐιοιι
434 1608 575 1689 pertinet
599 1608 641 1671 ad
676 1632 765 1683 πεισε,
781 1608 837 1671 sed
861 1608 905 1671 ad
922 1614 1020 1683 ποιεῖν,
1042 1617 1075 1676 et
1094 1614 1165 1677 tota
1181 1612 1256 1677 seuss
1277 1610 1281 1619 '

130 1690 238 1752 tentia
252 1689 301 1754 tle
315 1698 439 1756 structa
452 1694 555 1759 videri
570 1694 686 1757 debet:
709 1695 763 1757 τὰς
776 1692 806 1757 δὲ
817 1718 851 1758 π.
862 1696 962 1768 ἔπεισε,
975 1695 1078 1781 (ὥστε)
1092 1702 1207 1762 ἑκούσας
1220 1723 1255 1763 se.

129 1780 196 1838 stc.
216 1845 220 1855 ⁸
239 1772 354 1858 ltaque
370 1797 461 1843 error
484 1782 520 1844 in
543 1781 785 1844 constructione
806 1785 841 1843 et
860 1781 1086 1864 pleonasmum
1105 1785 1201 1850 linxit
1222 1792 1258 1851 et

127 1861 305 1939 glossema,
314 1881 389 1925 curn
403 1871 556 1931 neutrum
568 1866 599 1929 is
612 1867 756 1950 reperiat
769 1866 805 1929 in
816 1866 936 1941 verbis,
950 1868 1008 1949 qui
1023 1886 1063 1933 ea
1077 1872 1256 1955 conjungat

129 1962 174 2009 ox
188 1951 464 2013 meutsauctoris.
561 1962 565 1970 ’
1277 1952 1280 1961 ’

625 2086 770 2153 ΙΔΙΟΣ.

175 2194 284 2279 Hujus
312 2198 467 2279 adjectivi
491 2199 698 2281 pleonasmos
725 2200 785 2262 hos
819 2205 949 2264 notatos
972 2199 1089 2265 habeo.
1141 2198 1253 2287 Eurip.

131 2280 215 2350 Hes.
241 2279 318 2347 968.
355 2282 446 2348 Ἴδιον
461 2288 590 2358 ἐμαυτῆς
603 2283 639 2351 dri
654 2311 681 2346 τι
703 2308 728 2364 a
743 2282 772 2345 ὃς
787 2284 817 2347 σὲ
830 2288 972 2359 βούλομαι
986 2285 1034 2348 καί
1048 2284 1155 2352 παῖδας
1168 2290 1255 2354 εἰπεῖν

129 2375 203 2431 σούς·
221 2358 386 2455 peruiam
400 2369 480 2456 quid
492 2388 594 2434 meam
609 2366 715 2449 tibist
726 2310 834 2432 liberis
855 2366 920 2433 tais
933 2369 1038 2435 dicere
1056 2370 1138 2438 volo.
1182 2372 1255 2439 AEs·

129 2455 220 2521 chin.
228 2476 257 2520 c·
269 2452 417 2539 ctesiph.
432 2477 461 2520 c.
470 2454 523 2518 26.
535 2456 587 2539 'cdv
597 2456 747 2541 ίηεμονίαι
756 2454 809 2521 τὴν
819 2456 873 2528 μὲν
884 2457 961 2520 κατὰ
969 2454 1119 2522 θάλασσαν
1129 2461 1261 2538 ἐποίησε,Ὶ

129 2541 234 2617 κοινὴν,
245 2541 279 2605 τὸ
289 2541 315 2604 δ’
325 2541 542 2618 &campullus
553 2544 695 2626 ὑμέτεροι.
709 2537 898 2624 Opponliur
909 2540 1033 2606 Ιιίοίδιον
1047 2544 1096 2608 illi
1108 2544 1209 2619 κοινὴν,
1217 2552 1257 2614 ui

129 2631 265 2711 ὑμέτεροι
276 2628 424 2692 videatur
438 2627 622 2693 abundare:
647 2629 703 2692 sed
723 2633 836 2692 tamen
851 2628 912 2691 hoc
926 2629 968 2690 ad
983 2629 1255 2711 perspicuitatem

128 2720 183 2780 est
196 2715 310 2795 magis
321 2715 549 2782 necessarium.
594 2712 678 2779 Plat.
704 2711 837 2777 Menex.
863 2731 891 2776 c.
923 2711 970 2776 19.
994 2711 1130 2797 xptos«,
1150 2714 1183 2810 §i
1206 2716 1256 2780 sai

128 2802 293 2882 χρημάτων
308 2799 355 2862 καί
369 2807 459 2875 τιμῶν
474 2800 619 2888 θησαυρῷ,
643 2800 727 2881 (scil.
742 2816 764 2860 a
778 2798 957 2878 majoribus
980 2799 1116 2881 tradito)
1140 2799 1189 2864 καί
1208 2803 1255 2877 μὴ

128 2889 191 2948 τοῖς
213 2887 331 2960 ἐκγόνοις
351 2886 541 2968 παραδιδότω,
557 2887 681 2970 ,αἰσχρὸν
695 2882 742 2946 καί
769 2881 910 2967 ἄνανδρον,
938 2885 1042 2968 ἀπορίᾳ
1068 2883 1143 2948 ἰδίων
1163 2889 1254 2953 αὑτοῦ

127 2974 290 3046 κτημάτων
305 2997 337 3034 τε
351 2972 399 3035 καί
412 2971 548 3047 εὐδοξιῶν.
593 2971 784 3036 Necessitas
797 2970 831 3032 in
848 2987 945 3034 sensu
961 2969 1047 3032 nudo
1060 2976 1093 3034 et
1112 2973 1254 3054 simplici

130 3057 167 3119 h.
183 3056 348 3122 lienium
369 3057 560 3141 postulabat
573 3060 686 3121 atrei:
708 3056 765 3119 sed
788 3059 891 3120 antec.
907 3054 1104 3137 adjectivum
1126 3063 1254 3122 senten-

127 3143 416 3224 tiamiecitmsgis
428 3146 680 3227 perspicuumst
692 3159 836 3224 gravem
851 3138 889 3205 In
898 3138 1018 3204 latina
1028 3144 1128 3206 etiam
1140 3143 1256 3224 lingua

127 3227 199 3293 dici
224 3247 312 3293 merra
331 3229 530 3316 proprisset
553 3239 627 3294 tarra
641 3249 694 3314 pr.
709 3228 790 3292 alibi
804 3227 910 3291 docui.
954 3223 1257 3294 Usitotiusdicitur

127 3313 202 3386 iiia,
216 3320 250 3379 et
263 3315 381 3381 deinde
394 3319 495 3392 αὑτοῦ,
506 3322 544 3381 ut
554 3312 705 3399 Xenoph.
721 3311 800 3397 Cyri
810 3311 901 3380 Disc.
915 3314 986 3380 viii.
1002 3313 1029 3394 1,
1041 3311 1072 3378 2.
1096 3309 1150 3380 Cf.
1167 3316 1264 3401 inira

126 3400 316 3467 aortsSect.
330 3401 364 3466 2.
1296 3405 1298 3422 '

631 3533 763 3600 ΟΣΟΣ.

179 3647 208 3713 l.
222 3646 284 3723 ,Ad
298 3650 506 3732 elegantiam,
519 3646 541 3711 i.
557 3667 587 3712 e.
610 3664 675 3708 non
694 3647 791 3712 modo
812 3647 854 3712 ad
875 3643 1142 3711 consuetudinem
1164 3643 1256 3713 Grae-

128 3755 246 3802 corum
279 3737 361 3799 bene
391 3735 607 3816 loquentium,
640 3734 697 3796 scd
726 3737 828 3798 etiam
864 3732 905 3796 ad
937 3733 1061 3813 justam
1095 3733 1257 3800 rationem

130 3823 354 3886 membrorum
375 3822 439 3884 sibi
455 3818 721 3903 respondentium
743 3821 896 3904 pertinet,
912 3819 939 3883 si
962 3823 1038 3901 post
1062 3823 1186 3906 τοσούτῳ
1199 3839 1258 3904 po-

130 3909 304 3994 niturtrp,
326 3912 481 3988 sequente
503 3925 569 3969 non
584 3904 759 3986 adjectivo,
783 3905 851 3979 sed,
863 3904 951 3986 quod
964 3921 1005 3966 ex
1018 3905 1172 3986 analogia
1194 3906 1260 3968 lin-

128 4012 270 4076 guarum
294 4013 358 4058 non
380 3997 561 4076 exspectes,
583 3990 682 4054 verbo
704 3991 809 4054 finito.
854 3988 892 4054 In
913 3992 1176 4073 pleonasmorum
1198 4008 1258 4054 uu·

131 4099 226 4144 mero
247 4080 281 4143 id
306 4085 393 4143 recte
418 4079 544 4155 haberi,
566 4077 664 4141 facile
682 4077 889 4158 intelligitur.
933 4074 1010 4141 Non
1032 4077 1148 4160 paucis
1168 4075 1258 4140 enim

129 4165 213 4230 locis
238 4166 318 4230 illud
337 4168 385 4229 ita
405 4166 551 4270 positum
569 4170 631 4242 est,
655 4169 694 4227 ut
715 4163 802 4246 apud
833 4153 1038 4231 Herodotum
1059 4159 1130 4224 viii.
1165 4159 1215 4224 13.
1237 4163 1263 4260 ἡι

130 4253 212 4318 admi
228 4276 279 4339 περ
302 4255 383 4316 ἐοῦσα
394 4249 455 4326 rvi,
477 4248 583 4313 πολλὸν
598 4246 630 4315 ἦν
644 4251 687 4312 'r'rr
708 4233 877 4334 ἀγριωτέρη,
900 4250 1036 4334 τοσούτῳ,
1058 4246 1111 4330 ὅσῳ
1126 4247 1152 4309 ἓν
1165 4248 1258 4308 πελά·

128 4343 180 4414 psi
191 4342 357 4422 φερομένοισι
372 4340 522 4401 ἐπέπιπτε.
567 4331 608 4398 Et
629 4336 677 4399 sic
700 4331 850 4418 Xenoph.
877 4331 954 4418 Cyri
969 4331 1058 4397 Disc.
1080 4330 1139 4393 vil.
1155 4327 1186 4407 5,
1202 4330 1257 4396 81.

131 4430 167 4487 et
189 4424 261 4487 viii.
297 4424 327 4497 l,
349 4423 380 4487 4.
438 4419 476 4486 In
498 4421 672 4507 posteriori
703 4438 734 4483 x.
758 4423 827 4486 loco
848 4421 1054 4486 adsensum
1075 4415 1257 4500 simplicem

130 4528 271 4594 prorsus
291 4510 435 4574 abundat
459 4509 526 4572 icor.
579 4503 668 4572 Nam
692 4506 727 4570 in
747 4509 855 4592 primo
880 4507 1026 4570 membro
1056 4497 1258 4602 Clrrysantas

130 4596 292 4686 ostendit,
313 4617 347 4665 se
360 4597 658 4666 demonstraturum
678 4613 762 4672 esse,
785 4593 862 4680 Cyri
876 4593 955 4661 socii
976 4589 1123 4658 stauraci
1136 4595 1260 4682 quanto
