3117 5175
478 341 525 410 IN
545 345 698 411 GRAECA
718 343 890 410 LINGUA.
1187 345 1248 413 193

125 517 288 600 adJloiam,
300 519 348 591 ὣς,
362 517 451 598 quod
465 516 661 584 Marklando
686 521 721 584 in
735 524 880 583 mentem
893 516 994 596 venit,
1019 517 1157 602 poeticae
1182 519 1248 583 dic-

124 606 204 668 tioni
220 623 257 668 re
279 624 300 667 u
348 609 394 666 at.
1059 637 1064 644 ·

164 689 240 753 Allo
255 622 351 754 {roffi
365 691 506 772 repetita
521 695 613 758 notio
639 692 687 756 sic
701 692 860 764 abundat,
883 698 922 756 ut
946 709 1011 756 non
1036 692 1167 774 integro
1188 693 1248 758 ali-

123 793 187 857 quo
200 777 368 846 vocabulo,
391 777 447 839 sed
472 783 567 860 parte
592 777 906 859 alicujus·vocabuli
933 781 1169 861 comprehensa
1193 781 1247 844 sit.

121 849 170 924 Ut
184 860 276 926 Iliad.
292 859 332 924 Ψ.
346 859 419 923 709.
452 859 511 925 *Aa
530 862 555 924 δ’
568 861 709 927 Ὀδυσεὺς
721 868 891 936 πολύμητις
911 867 1058 938 driccam,
1086 866 1142 928 ubi
1169 881 1249 947 piae·

121 947 243 1031 positio
258 948 292 1010 in
317 949 451 1010 ἀνίστατο
465 947 621 1013 abundat.
666 950 743 1018 Quo
768 950 839 1012 loco
854 949 971 1015 adduci
988 953 1093 1034 possit
1116 950 1249 1033 aliquis,

122 1041 159 1096 ut
175 1033 207 1095 δι’
227 1030 312 1108 ὅσον,
325 1034 412 1114 quod
427 1033 560 1114 quidam
574 1035 702 1100 codices
726 1034 847 1099 habent
872 1037 1018 1099 inversu
1042 1056 1161 1119 parurn
1186 1039 1252 1101 ele·
1271 1103 1275 1121 ,

122 1121 227 1201 gantl,
240 1120 296 1202 qui
310 1119 433 1200 legitur
445 1116 536 1183 Iliad.
550 1119 592 1183 A.
610 1120 684 1186 703.
702 1119 906 1202 Ἀμφίσταντε
919 1121 955 1188 il
971 1122 1058 1197 devo,
1074 1121 1252 1208 διαπραθέειν

120 1214 286 1283 μεμαῶτες,
301 1223 364 1268 non
381 1206 590 1271 librariorum
611 1226 724 1271 errore
745 1211 906 1291 scriptum
928 1213 1033 1290 putet.
1077 1207 1252 1292 Euripides

121 1291 156 1356 in
174 1291 403 1355 Andromacha
416 1312 482 1354 ver.
497 1288 569 1356 613.
586 1290 705 1357 Παίδονν
716 1295 741 1356 τ’
758 1290 882 1357 ἄπαιδας
889 1301 978 1379 γραῦς
988 1292 1097 1360 ’ἔθηκας
1105 1297 1132 1359 ἐν
1146 1281 1322 1369 &ductam

121 1375 210 1440 Nam
225 1377 394 1449 vocabula,
422 1379 521 1460 quale
535 1383 586 1442 est
609 1376 708 1451 ἄταις,
730 1379 779 1442 sic
800 1381 955 1463 usurpari
978 1382 1094 1454 solent,
1117 1384 1156 1444 ut
1182 1382 1254 1445 sola

120 1470 290 1526 remaneat
304 1464 394 1527 notio
407 1464 613 1546 privationis.
659 1462 730 1530 Nec
741 1465 918 1530 dissimilia
940 1474 1017 1530 sunt
1037 1467 1132 1540 talia,
1146 1469 1185 1530 ut
1200 1470 1253 1530 ais*

119 1547 278 1634 οὐρανόθεν,
302 1567 376 1630 quar
405 1552 502 1614 initio
525 1550 681 1614 carebant
707 1553 911 1635 pleonasmo,
933 1572 1036 1633 quum
1061 1553 1254 1617 adverbium

119 1638 179 1700 alveo
200 1636 341 1699 nondum
368 1637 402 1698 in
427 1637 691 1719 praepositiouem
718 1639 891 1702 vertisset:
916 1638 972 1702 sed
1000 1638 1061 1702 hoo
1079 1644 1255 1723 postquam

119 1720 246 1792 factum
261 1727 343 1800 erat,
368 1725 475 1803 magis
489 1723 677 1786 terminatio
702 1725 911 1802 substantivi,
937 1743 1038 1805 quarn
1060 1726 1253 1807 praepositio

119 1809 223 1892 eoepit
236 1809 414 1873 abundare.
458 1803 581 1872 Eodem
596 1810 691 1873 modo
707 1811 742 1872 iu
759 1811 823 1883 bis,
843 1813 894 1873 aa·
906 1808 1008 1894 ὄρεσφι,
1022 1813 1068 1872 ἐπ’
1079 1814 1252 1896 ἓσχαρόφινι

40 1927 45 1934 ,
119 1912 198 1956 nam
213 1895 277 1958 ista
291 1895 482 1958 terminatio
498 1895 579 1958 nihil
595 1901 646 1958 est
660 1896 724 1960 uisi
747 1894 777 1957 ba
791 1896 859 1960 alio
873 1897 970 1960 modo
986 1900 1250 1980 pronunciatum.

118 1977 218 2043 Unde
246 1982 415 2044 verissime
436 1983 643 2062 grammatici
659 1983 749 2060 νόσφιν
772 2001 832 2065 pro
853 1983 963 2062 νοντόφν
983 1984 1049 2070 dici
1064 1984 1250 2048 observant.
1352 1981 1363 1992 “

117 2063 193 2130 Usu
258 2068 286 2130 ri
305 2073 419 2131 mmen
433 2069 498 2130 ista
511 2067 630 2131 deinde
643 2085 703 2148 pro
718 2069 874 2148 genitivis
887 2075 1057 2149 coepemnt
1073 2089 1081 2128 :
1105 2075 1143 2132 ut
1157 2067 1253 2132 Iliad.

117 2151 166 2216 Ν.
192 2086 265 2215 ἔέῧ.
299 2151 361 2215 Ὡς
384 2151 408 2213 δ’
436 2153 479 2215 ὅτ’
505 2150 563 2232 οἴαξ
592 2156 722 2215 abactas
749 2156 880 2234 πτυόφιν.
933 2151 1061 2234 colligi
1077 2159 1188 2234 potest
1211 2165 1253 2218 ΘΧ

116 2238 308 2320 hujusmodi
334 2239 508 2322 exemplis,
533 2238 647 2302 eodem
677 2238 840 2302 trahenda
864 2255 935 2301 esse
954 2239 1052 2317 talia,
1075 2244 1114 2301 ut
1134 2241 1251 2312 μᾶλλον

116 2323 305 2409 ἐνδικώτερος,
314 2321 419 2386 obitui
432 2369 441 2383 .
559 2383 562 2392 ,
1032 2349 1037 2358 ’

291 2471 390 2554 xlv,
401 2469 520 2551 Deit's,
538 2469 597 2558 qui
610 2469 701 2558 falso
713 2467 898 2536 Pleomaam'
912 2469 1077 2538 labenmr.

172 2585 237 2651 Sed
272 2586 354 2651 satis
390 2583 571 2648 iudicatum
597 2581 739 2655 videtur,
768 2581 827 2664 qui
856 2581 922 2646 veri
954 2582 1022 2647 sint
1056 2582 1250 2667 pleonasml.
1307 2602 1313 2609 ’

112 2672 150 2739 N
152 2694 218 2739 uno
232 2674 346 2756 paucis
360 2670 433 2735 illos
458 2668 799 2741 commemorabimus,
822 2669 880 2748 qui
894 2668 980 2731 ialso
1002 2670 1037 2736 in
1051 2672 1252 2753 pleonasmis

112 2766 354 2825 numerantur:
378 2758 414 2818 in
430 2774 496 2835 quo
508 2772 629 2835 genere
654 2754 848 2837 explicando
864 2772 966 2836 quum
991 2760 1080 2820 totus
1103 2763 1253 2822 versetur

111 2844 263 2910 Weiskii
276 2844 370 2915 liber,
381 2860 580 2927 quamquam
596 2840 652 2902 ille
663 2858 770 2923 pauca
783 2840 823 2903 de
837 2840 950 2905 multis
960 2843 1252 2925 comprehendens,

113 2932 285 2999 malumus
301 2930 388 2992 hunc
400 2946 528 2993 omnem
539 2929 669 3000 locum,
684 2927 743 3008 qui
767 2932 818 2990 est
831 2927 872 2990 de
895 2927 980 2990 ialso
995 2928 1200 3011 pleonasmo,
1216 2931 1252 2992 lu

110 3021 241 3083 classes
256 3014 413 3097 quasdam
428 3012 622 3086 describere,
638 3031 737 3094 quam
751 3014 882 3093 singula
896 3014 1049 3171 exempla
1066 3014 1251 3096 verborum,¹

111 3125 196 3188 quae
217 3102 383 3167 abundare
406 3101 504 3181 vulgo
522 3100 710 3170 creduntur,
727 3099 938 3181 perscrutari.
1016 3118 1193 3182 uamquam
1216 3088 1323 3166 in'204

110 3193 239 3256 horum
276 3206 405 3269 quoque
440 3186 658 3268 explicatione
692 3185 779 3259 haud
813 3204 917 3267 pauca
948 3190 1036 3258 sunt,
1071 3187 1253 3268 inquibus

108 3298 134 3343 a
164 3272 319 3340 Weiskio
344 3271 573 3336 discedendum
598 3276 766 3355 putamus,
781 3276 819 3334 ut
841 3272 954 3335 statim
968 3273 1004 3334 in
1029 3272 1187 3355 hisquae
1210 3274 1253 3338 ‹le

107 3366 310 3447 pleonasmo
328 3359 459 3423 articuli
474 3358 601 3431 scribit,
622 3359 682 3421 ubi
695 3374 797 3439 quum
811 3358 880 3421 alia
895 3358 1061 3432 miramur,
1082 3364 1155 3423 tum
1177 3359 1251 3437 hoc,

106 3448 209 3533 quod
222 3467 256 3530 p.
272 3446 325 3510 23.
340 3446 374 3507 in
389 3440 617 3528 Xenophontis
641 3444 697 3506 lib.
714 3444 762 3506 iii.
779 3442 820 3506 de
845 3443 1055 3506 institutione
1067 3441 1155 3525 Cyri
1177 3464 1249 3529 cap.

106 3536 148 3611 3,
168 3533 201 3597 4.
210 3532 257 3596 rb
272 3530 357 3615 ἄνδρα
379 3528 489 3604 ἀγαθὸν
512 3528 624 3593 Graece
649 3530 713 3593 dici
737 3530 886 3612 potuisse
908 3534 1016 3610 putat,
1038 3530 1161 3593 talibus
1182 3533 1251 3596 ior·

105 3616 484 3693 tasselooisadductus,
507 3617 615 3697 qualis
638 3614 692 3678 hic
706 3614 881 3698 Sophoclis
904 3621 955 3677 est
980 3616 1016 3677 in
1037 3612 1154 3680 Trach.
1172 3615 1248 3682 936.

107 3703 276 3769 Κάνταῦὸ“
293 3706 392 3765 δοιοῖς
406 3702 538 3767 δύστηνος
552 3700 611 3763 οὔτ’
634 3700 799 3786 ὀδυρμάτων
809 3697 958 3762 'Emissae’
974 3700 1058 3765 οὐδέν.
1104 3702 1169 3768 Sed
1182 3704 1249 3768 ista

105 3792 344 3872 relinquamus
358 3788 434 3851 aliis
448 3788 686 3871 perpendenda.

158 3874 205 3940 Et
233 3877 391 3958 quoniam
416 3894 517 3956 supra
540 3874 754 3951 ostendimus,
775 3891 889 3937 verum
915 3874 1140 3957 pleonasmum
1163 3892 1247 3948 esse,

104 3982 189 4045 quo
202 3963 325 4043 aliquid
344 3963 391 4025 sic
412 3960 563 4041 addatur,
583 3961 618 4023 ld
639 3966 677 4023 ut
691 3959 791 4043 plane
812 3978 878 4023 non
901 3962 1075 4041 cogitetur,
1095 3965 1249 4043 apertum

102 4056 183 4122 est,
198 4048 282 4112 male
306 4049 342 4111 in
357 4047 556 4132 pleonasmis
574 4066 629 4110 eas
643 4046 850 4127 loquutiones
871 4049 1049 4121 numerari,
1075 4045 1249 4126 inquibus

105 4138 164 4214 id,
184 4134 270 4215 quod
285 4135 451 4199 abundare
472 4138 619 4216 putatur,
641 4133 772 4196 etiamsi
797 4132 905 4197 omitti
920 4134 1077 4218 potuerit,
1102 4133 1137 4195 in
1158 4135 1249 4213 cogi·
1331 4200 1336 4207 ,

103 4222 282 4289 tationem
299 4226 409 4285 tamen
423 4220 513 4283 venit
527 4218 686 4286 additum.
731 4216 858 4282 Harum
871 4226 982 4283 autem
1005 4220 1247 4299 loquutionum,

99 4325 194 4391 quae
209 4302 331 4389 injuria
346 4307 381 4370 in
395 4305 593 4389 pleonasmis
605 4304 777 4379 habentur,
788 4306 911 4370 classes
925 4311 1079 4387 putamus
1090 4306 1248 4370 constitui

101 4409 220 4481 posse
233 4394 385 4475 quinque.
998 4426 1002 4433 «

156 4477 212 4541 Αε
225 4483 335 4564 prima
359 4479 473 4543 classis
494 4484 544 4542 est
567 4478 789 4552 verbositatis,
814 4484 853 4542 ut
871 4474 1038 4559 πολεμίζειν
1056 4476 1107 4543 rili
1130 4482 1248 4561 μάχεσ-

99 4566 185 4642 θαι,
201 4564 340 4654 ἡγήτορες
353 4564 403 4635 εἰδὲ
417 4566 558 4651 μέδοντες,
572 4560 695 4637 θάνατόν
709 4589 742 4633 τε
755 4566 841 4653 μόρον
854 4588 898 4633 τε.
943 4560 1117 4716 Eunplgles
1130 4562 1247 4672 Pliten.
