3117 5175
468 401 515 462 IN
536 398 688 464 GRAECA
708 397 876 462 LINGUA.
1145 340 1148 345 Α
1171 387 1231 456 197

148 567 257 651 Magis
285 567 462 654 impeditus
488 575 539 636 est
559 587 638 634 usus
662 569 853 652 negationis
873 567 921 632 οὔ(
943 585 1016 654 qum
1039 565 1172 649 quidem
1192 562 1233 664 in

105 657 225 720 ulitur
239 658 410 741 exemplis,
425 662 474 721 οὐκ
495 659 568 720 ἔστι(
592 655 690 730 οὐδεὶς,
716 676 818 738 quum
844 655 978 739 proprie
1002 653 1160 734 augendas
1181 667 1234 714 rel

105 741 272 815 inserviat,
288 743 453 806 interdum
475 744 523 806 sic
543 748 733 826 usurpatur,
748 748 787 806 ut
810 757 878 804 uno
901 742 1035 822 negatio
1055 740 1136 802 setis
1162 737 1233 808 sit;

104 827 209 892 sedin
228 828 368 892 formula
381 828 426 902 μὴ
448 829 480 892 οδ
494 835 581 892 recte
605 827 802 913 explicanda
814 827 932 910 saepius
945 825 1094 888 videmus
1120 822 1231 887 doctos

103 913 251 983 homines
265 933 399 978 errasse.
444 912 524 986 Quae
539 916 662 978 voculae
680 931 783 994 quum
805 911 938 995 proprie
958 930 998 974 ne
1020 929 1098 983 oon,
1125 910 1160 973 id
1181 911 1234 974 est

100 1009 145 1077 at,
162 1001 354 1081 significent,
370 1001 489 1066 mirum
514 1005 565 1063 est
586 1006 710 1072 tamen,
733 1018 790 1062 eas
805 997 971 1062 interdum
992 996 1041 1062 sie
1061 995 1231 1080 usurpari,

99 1091 139 1150 ut
169 1075 359 1169 negationes
373 1105 452 1150 ¹non
474 1085 647 1150 videantur
671 1104 740 1149 sese
765 1086 906 1148 invicem
928 1084 1054 1159 tollere.
1090 1081 1158 1146 at
1183 1080 1232 1143 ri·

99 1172 219 1236 dentur
241 1178 388 1236 tantum:
413 1191 449 1236 re
470 1190 548 1235 vera
568 1191 663 1235 suam
676 1171 741 1236 sibi
764 1172 932 1256 proprium
954 1172 1084 1232 serrant
1105 1166 1232 1252 signifi·

99 1259 270 1322 ostionem.
328 1256 430 1334 Recte
458 1259 493 1322 in
520 1255 688 1340 Euripidis
715 1253 833 1322 Oreste
868 1276 900 1319 v.
934 1253 1010 1320 766.
1045 1253 1232 1319 emendavit

101 1341 299 1417 Brunekius,
323 1341 385 1409 Μιίι
403 1349 435 1407 ot
451 1343 563 1417 λάβωσι
585 1346 610 1405 σ’
635 1347 760 1417 ἄσμενοι,
782 1363 823 1406 ne
848 1351 880 1407 te
902 1363 967 1408 non
988 1339 1149 1428 escipiant
1157 1337 1231 1425 ple·

99 1427 185 1503 cide,
210 1449 311 1513 quum
322 1429 354 1492 σδ
368 1429 410 1492 ab
423 1431 566 1494 librariis
580 1429 735 1497 omissum
750 1435 847 1494 esset.
870 1427 935 1492 Sed
944 1429 1050 1494 eidem
1064 1424 1232 1492 Brunclsio

96 1533 164 1590 non
193 1517 291 1580 semel
314 1515 363 1577 hae
390 1516 559 1597 particulae
580 1516 728 1579 fraudem
749 1515 908 1595 fecerunt,
929 1519 968 1580 ut
994 1517 1031 1580 in
1056 1513 1229 1599 Sophoclis

97 1599 269 1682 Antigona
284 1621 317 1666 v.
333 1600 387 1666 33.
426 1599 489 1665 Kal
500 1601 577 1686 δεῦρο
591 1599 708 1676 νεῖσθαι,
734 1609 831 1666 ταῦτα
845 1606 904 1666 τοῖς
917 1601 964 1676 μὴ
983 1605 1034 1664 οὐκ
1044 1599 1125 1663 εἰδόσι
1140 1597 1300 1686 Σιφῆ213

93 1687 324 1771 προκηρύξοντα.
369 1685 424 1751 Sic
448 1689 503 1752 ille
523 1689 657 1770 quidem
682 1687 799 1762 edidit,
820 1709 923 1771 quum
945 1688 1022 1751 libri
1037 1707 1151 1753 omnes
1170 1690 1231 1750 τοῖς

91 1773 141 1846 μὴ
173 1773 252 1836 εἰδόσι
278 1774 472 1858 praeberent.
517 1773 707 1848 Schaeiero,
730 1775 849 1839 vitium
870 1775 1039 1854 sentienti,
1058 1776 1096 1838 in
1124 1771 1231 1838 Mele-

91 1865 176 1922 tem.
202 1861 274 1924 crit.
297 1881 332 1944 p.
357 1859 428 1926 108.
452 1860 658 1926 scribendum
679 1860 862 1935 videbatur,
884 1866 943 1924 wis
972 1865 1022 1923 οιίιι
1043 1859 1139 1924 εἰδόσι.
1182 1857 1230 1925 Αι

91 1951 221 2026 quanto
242 1947 348 2010 lenius
375 1954 409 2011 et
430 1949 505 2011 usui
526 1947 805 2012 accommodatius
824 1947 947 2011 scribes
967 1951 1037 2008 τοῖσι
1053 1943 1100 2020 μό
1122 1945 1229 2009 εἰδόσιν.

90 2027 283 2097 Brunelrius
299 2033 437 2116 *quidem
459 2052 561 2117 quum
584 2034 696 2107 sciret,
709 2030 756 2106 μὴ
779 2032 811 2096 οδ
835 2052 923 2116 saepe
944 2031 1129 2114 significare
1150 2029 1231 2106 nisi,

90 2117 157 2180 lroe
171 2122 283 2182 tamen
304 2137 368 2182 non
393 2119 685 2192 animadverterat,
713 2119 769 2182 ubi
785 2106 831 2192 ud
845 2119 888 2189 οἰ,
909 2124 944 2182 et
962 2118 1021 2181 ubi
1035 2118 1232 2199 simpliciter

88 2203 138 2273 ut
155 2203 329 2268 dicendum
343 2212 441 2270 esset.
485 2201 523 2268 Id
539 2205 624 2290 quod
640 2206 741 2271 etiam
763 2203 942 2268 Schaeiero
963 2203 1094 2276 accidit,
1117 2202 1174 2285 qui
1188 2220 1231 2266 eo

86 2291 645 2375 loco,que1nindieevi,prosiol
663 2288 731 2354 nisi
752 2289 957 2370 significante
977 2289 1081 2352 etism
1102 2286 1164 2349 sim
1190 2288 1231 2349 li-

86 2375 179 2439 citer
194 2377 317 2447 stoici
343 2384 447 2461 putat.
492 2375 528 2440 Id
554 2377 641 2461 quod
666 2376 755 2437 nullo
779 2381 878 2458 pacto
901 2375 971 2436 lieri
997 2378 1118 2455 potest.
1164 2306 1232 2437 ded
1336 2393 1339 2403 “

86 2467 129 2524 (ιι
159 2463 382 2540 ostendamus,
413 2464 493 2546 quid
526 2464 591 2525 haec
624 2459 791 2534 differant,
824 2479 877 2524 res
899 2459 1029 2541 longius
1051 2459 1233 2542 repetenda

84 2553 154 2613 est.
913 2579 921 2584 -

131 2632 334 2703 continetur
358 2644 469 2701 autern
496 2635 603 2699 omnis
625 2634 741 2697 harum
762 2631 975 2711 negationum
993 2652 1073 2697 usus
1087 2650 1156 2698 uns
1178 2653 1231 2698 re-

81 2722 183 2803 gula,
207 2722 265 2786 sed
280 2744 320 2787 ea
334 2724 408 2794 tali,
431 2742 505 2803 quse
518 2723 628 2804 plures
641 2720 879 2803 complectetur
892 2718 975 2783 alias
996 2719 1135 2799 regulas.
1180 2716 1233 2785 Ee

81 2811 209 2891 regule
224 2808 358 2873 haeoest.
404 2806 483 2871 Com
497 2796 698 2891 conjuncte‘oo
716 2814 747 2869 et
770 2802 915 2890 oprtott'vo
933 2813 963 2869 et
974 2802 1167 2879 indicativo,
1183 2804 1231 2871 ud

78 2914 155 2959 rem
181 2912 253 2956 eum
264 2892 465 2959 dubitatione
478 2890 710 2979 affirmandam,
732 2891 802 2965 μό;
824 2890 869 2956 ((ιί
886 2890 1067 2977 negandam
1081 2910 1151 2955 cum
1170 2890 1230 2955 du·

78 2977 263 3052 bitatione,
286 2981 331 3051 μὴ
346 2980 377 3042 οδ
399 2978 538 3043 dicitur:
567 2974 812 3059 euminfinitivo
829 2986 938 3042 autem
952 2984 984 3041 et
995 2975 1121 3062 pertici
1142 2976 1177 3056 io
1197 2984 1231 3040 et

77 3064 295 3149 imperativo,
318 3064 448 3131 adrem
475 3074 556 3131 certo
578 3058 768 3151 negandam,
794 3065 863 3138 μσί;
896 3062 1045 3127 adserto
1069 2997 1230 3148 affiman-

76 3150 178 3223 dam‚
202 3149 249 3225 μὴ
276 3154 308 3216 οδ
330 3160 508 3239 usurpatur.
554 3147 621 3214 Cur
651 3149 767 3213 herum
797 3150 1035 3233 particularum
1066 3168 1145 3213 usus
1166 3167 1230 3231 pro

76 3238 184 3301 verbi
202 3239 329 3313 formis,
356 3260 426 3323 quc
441 3240 483 3302 iis
498 3237 734 3318 adjunguntur,
754 3237 903 3300 diversus
918 3238 975 3309 sit,
990 3254 1061 3299 rem
1076 3236 1230 3301 accurate

75 3326 316 3393 consideranti
339 3344 404 3389 non
429 3328 539 3407 potest
559 3322 733 3386 obscurum
756 3340 837 3385 esse.
887 3322 977 3385 Nam
1001 3341 1102 3406 quum
1124 3320 1230 3404 perti·

74 3416 162 3479 cula
180 3412 241 3487 μδ,
256 3417 294 3475 (ιι
309 3412 389 3477 alibi
411 3410 717 3480 demonstravimus,
744 3406 913 3489 negationi
938 3408 1158 3491 exprimendss
1178 3409 1229 3473 in·

74 3500 228 3571 serviat,
253 3518 353 3583 quam
378 3495 568 3581 philosophi
590 3495 807 3576 subjectivam
829 3498 960 3566 vocant,
982 3494 1101 3568 idest,
1125 3507 1300 3579 quum214

72 3588 230 3655 indicet,
246 3603 306 3647 nos
320 3584 444 3669 aliquid
466 3602 541 3647 cum
567 3583 740 3663 negatione
761 3580 922 3661 cogitare,
945 3580 1012 3642 sire
1037 3580 1070 3643 id
1097 3600 1133 3645 re
1155 3582 1228 3665 ipsa

71 3672 304 3755 negationem
319 3672 500 3741 contineat,
522 3668 590 3731 eive
613 3686 678 3729 non
692 3666 881 3731 contineat:
904 3664 1069 3747 duplicem
1094 3687 1228 3733 necesse

70 3768 131 3824 est
149 3759 255 3838 hujus
270 3756 440 3839 perticulae
463 3774 559 3817 usum
585 3772 655 3816 esse
676 3772 737 3837 pro
758 3751 881 3834 duplici
907 3751 1092 3817 conditione
1114 3755 1227 3819 modo·

70 3865 158 3909 rum
177 3841 284 3907 verbi.
328 3838 449 3905 Eorum
463 3848 531 3904 tres
556 3840 590 3903 in
603 3858 705 3902 unam
728 3840 866 3901 classem
887 3838 1095 3918 conjicimus,
1118 3840 1227 3903 inlini·

67 3934 211 4001 tivum,
225 3929 452 4011 participium,
477 3932 511 3990 et
536 3926 788 4009 imperativum:
813 3943 952 4008 quorum
970 3924 1152 3989 infinitivus
1167 3945 1227 3989 nu·

69 4019 163 4081 dam
182 4016 354 4077 notionem
368 4013 519 4085 actionis,
542 4012 755 4095 participium
779 4010 900 4073 nudam
913 4011 1081 4074 notionem
1096 4013 1227 4092 agentis

64 4103 250 4171 continet.
296 4098 360 4165 His
378 4119 457 4181 ergo
472 4100 500 4162 si
522 4100 656 4181 negatio
671 4097 856 4179 subjective
869 4095 914 4170 μό
929 4096 1137 4169 additur,'ea
1158 4117 1228 4163 non

64 4192 202 4277 potest
218 4186 318 4249 aliam
330 4186 397 4249 rim
413 4186 545 4257 habere,
560 4204 659 4268 quarn
673 4190 712 4247 ut
725 4184 894 4247 notionem
913 4185 984 4247 sire
999 4181 1136 4246 actionis
1157 4184 1228 4247 sive

67 4272 433 4361 egentissimpliciter
451 4270 523 4336 tolli
545 4270 745 4353 cogitatione
770 4268 903 4334 indicet.
946 4266 1063 4351 Itaque
1089 4267 1136 4341 μδ
1159 4267 1227 4352 δρᾷ(

64 4360 230 4431 dicitur,
253 4358 282 4420 si
297 4362 371 4443 quis
384 4379 450 4424 non
469 4357 578 4421 faeere
593 4358 718 4441 aliquid
739 4357 916 4438 cogitatur,
931 4372 1034 4435 quum
1048 4361 1080 4417 σι
1094 4353 1159 4440 δρᾷ(
1181 4356 1228 4418 sit

63 4470 107 4515 re
122 4462 217 4509 vera
234 4464 298 4508 noo
311 4444 446 4533 focere3
468 4441 513 4518 μιί
528 4442 609 4528 δρῶν,
633 4461 731 4528 quem
755 4462 821 4506 non
846 4443 953 4505 iacere
977 4440 1104 4525 aliquid
1125 4442 1226 4505 sumi·

61 4554 171 4607 mus,
191 4550 297 4612 quum
311 4534 418 4615 σίδρίιι
440 4534 497 4604 sit,
513 4531 619 4615 quire
636 4548 713 4593 vers
727 4529 854 4615 aliquid
872 4546 938 4591 non
956 4527 1047 4591 facit.
1090 4524 1228 4593 Accedit

61 4642 146 4717 non
162 4623 246 4687 tam
259 4624 396 4723 propter
411 4616 661 4687 similitudinem
674 4635 751 4687 cum
765 4606 839 4696 his,
853 4634 955 4701 quam
974 4618 1111 4720 propter
1131 4614 1228 4685 dissi.
