3117 5175
594 449 796 498 raros-isson.
1163 485 1167 493 .
1193 429 1253 499 125
1335 412 1339 425 ⁸
1398 429 1401 438 '

134 596 178 666 lta
199 597 302 667 Greci
328 594 435 666 verbis
466 599 534 686 δραι
553 597 743 682 [Athenaeus
764 606 791 665 t.
813 620 855 678 v.
867 615 902 684 p.
916 597 992 685 403.
1011 597 1072 670 καὶ,
1085 601 1110 667 οἳ
1129 605 1253 670 αακαιιῒ

134 689 163 749 τό
182 683 254 751 θόειν
274 687 341 776 δρᾷν
360 685 515 774 ὀνόμαζον.
538 687 621 771 ἔδρων
636 687 662 749 δ’
684 692 709 752 οἱ
728 687 849 774 κήρυκες
873 686 947 773 ἄχρι
967 695 1089 767 πολλοῦ,
1112 715 1141 753 κ.
1168 716 1196 754 τ.
1220 705 1253 756 λ.

55 823 56 842 ,
133 772 285 858 Scitam]
324 781 360 839 et
386 778 485 837 ποιεῖν.
519 771 720 858 [Herodotus
743 776 799 838 lib.
823 775 869 837 ix.
891 794 966 858 cap.
996 771 1045 836 19.
1081 775 1252 856 ποιήσαντες

133 857 212 922 δὲκαὶ
230 858 358 924 ἐνθαῦτα
380 859 450 940 ἱρα.’
478 858 657 941 Dionysius
683 858 794 924 Halia.
817 859 893 923 Ant.
914 859 1017 925 Rom·
1038 864 1065 922 t.
1081 861 1105 924 l.
1127 882 1159 945 p.
1174 862 1251 929 206.

131 945 315 1028 {spicarium
330 946 399 1028 ὑπὲρ
415 951 465 1011 τοῖν
478 954 565 1012 κοινοῦ
577 947 700 1030 πάτρια.
725 944 887 1010 Similiter
909 933 1097 1012 Herodotus
1120 948 1180 1012 lib.
1203 951 1249 1015 vi.

132 1048 192 1115 cap.
207 1029 262 1096 57.
288 1034 324 1096 in
348 1030 383 1100 ἢν
405 1027 505 1099 θυσίἠν
528 1058 573 1095 τις
591 1029 738 1105 δημοτελῆ
757 1036 900 1098 ποιέηται.
924 1031 1093 1116 scurae]
1138 1031 1249 1101 Latini

132 1125 230 1181 autem
254 1119 354 1182 rerba
367 1115 483 1202 facere
503 1124 654 1182 utuntur.
700 1115 876 1202 [Virgilius
889 1117 1024 1184 Feliii.
1038 1139 1071 1182 ν.
1092 1118 1148 1185 77.
1171 1118 1251 1186 Cum

126 1201 240 1287 sociam
252 1201 369 1268 vinda.
391 1205 436 1268 al.
462 1201 610 1279 vitulam,
631 1223 673 1268 ex
696 1206 812 1269 Graeca
826 1206 970 1286 syntaxi,
991 1223 1092 1289 quam
1106 1202 1250 1289 Romani

133 1292 241 1435 panim
253 1292 356 1356 secuti
371 1297 461 1356 sunt.
476 1311 505 1354 v.
523 1289 710 1356 Schneider.
725 1289 795 1356 lnd.
811 1291 855 1355 ad
868 1289 1026 1377 Scriptor.
1042 1288 1134 1356 KR.
1147 1312 1177 1356 r.
1189 1291 1250 1358 Fia

154 1395 267 1440 osser.

168 1376 317 1544 Ejusdim
331 1463 481 1528 vocabuli
496 1464 624 1548 ellipsis
638 1466 739 1530 etiam
752 1482 825 1528 esse
838 1462 968 1527 videtur
981 1461 1017 1527 in
1032 1465 1131 1529 verbo
1145 1469 1252 1553 κατάρ-

133 1545 238 1626 χεσθαι,
261 1549 313 1613 rel
338 1547 551 1636 κατάρξασθαι,
573 1552 705 1632 quando
735 1551 871 1635 ponitur
896 1569 958 1633 pro
981 1547 1084 1614 crines
1103 1553 1152 1616 rel
1162 1551 1254 1638 pilos

132 1631 253 1698 victime
267 1658 286 1700 e
297 1633 414 1723 fronte
426 1634 620 1712 abscindere,
642 1645 672 1702 et
694 1648 847 1724 tanquam
866 1633 977 1721 prima
996 1634 1155 1701 libamina
1177 1637 1194 1702 i
1236 1638 1253 1703 i

132 1717 164 1782 in
186 1729 237 1786 aro
258 1741 389 1787 moerico
410 1720 580 1808 imponere,
603 1728 640 1788 ut
661 1725 750 1809 apud
772 1722 944 1807 Aristoph.
969 1721 1067 1786 Arib.
1094 1722 1167 1788 960.
1191 1660 1252 1810 {id

135 1807 194 1884 q.l.
207 1809 267 1872 rid.
284 1807 463 1874 Kusterum
484 1829 519 1892 p.
540 1808 609 1873 193.
637 1829 686 1891 sq.
711 1807 882 1892 Scurra]
913 1807 1105 1892 Euripidem
1129 1808 1250 1876 Electa

135 1889 201 1956 800.
220 1895 266 1958 vel
279 1915 343 1978 pro
358 1915 380 1959 α
457 1893 586 1959 lusani
599 1895 760 1961 uictimam
774 1895 972 1982 adspergere,
994 1901 1033 1958 ut
1046 1895 1135 1978 'apud
1156 1895 1251 1960 Euri·
1364 1955 1368 1963 ,

134 1979 228 2060 pidem
240 1979 350 2066 lphig.
392 2001 461 2044 aur.
475 1979 529 2044 40.
551 1987 585 2044 et
608 1981 661 2052 56.
685 1983 769 2047 conf.
786 1980 841 2054 54,
864 1979 918 2053 58,
943 1978 1014 2043 622.
1060 1980 1149 2046 Nam
1175 1983 1250 2047 inde

134 2071 222 2146 patet,
243 2065 447 2151 κατάρξασθαι
468 2069 650 2148 generatim
671 2089 741 2132 esse
754 2087 845 2134 saara
858 2085 916 2130 αυς
945 2063 1032 2139 'cam
1053 2065 1253 2152 κατάρξασθαι

136 2152 208 2234 ἱερῶν,
228 2151 280 2216 vel
293 2149 494 2235 κατάρξασθαι
508 2157 562 2222 τῆς
581 2159 694 2236 σφαιγῆς
716 2161 767 2218 τοῦ
790 2154 896 2239 ἱερείου.
968 2171 1040 2217 lsN.
1073 2151 1253 2234 Dionysius

137 2234 228 2303 Halia.
246 2237 327 2304 Ant.
341 2236 439 2302 Rom.
455 2245 479 2306 t.
495 2241 520 2304 i.
542 2259 577 2324 p.
597 2239 668 2305 141.
690 2243 914 2324 καταρχομένων
927 2242 1020 2305 αὐτῆς
1039 2236 1107 2320 (τῆς
1122 2241 1183 2324 ὑός)
1196 2249 1252 2306 τῶν

135 2325 218 2404 ἱερέων.
260 2323 354 2408 (Vct.
371 2322 514 2409 θυτῶρων,
536 2327 625 2407 quod
647 2327 785 2411 placet.)
807 2346 839 2413 p.
854 2324 930 2389 228.
953 2321 1052 2386 ἄλλων
1076 2350 1108 2386 τε
1132 2334 1252 2390 πολλῶν
1277 2363 1280 2367 ’

136 2405 258 2482 θομότων
272 2409 496 2496 καταρξάμενος.
512 2430 547 2495 p.
563 2411 638 2476 288.
653 2413 699 2476 ἐπὶ
716 2420 771 2476 τῶν
786 2410 889 2475 θυσιῶν
902 2407 1014 2495 κριθαῖς
1024 2410 1254 2497 καταρχόμεθα,

136 2497 313 2562 curatrix
325 2503 489 2562 rehaberes.
513 2497 664 2563 Solinus.
1018 2503 1034 2534 θ

172 2582 288 2649 “Hoc
312 2604 431 2649 nomen
454 2585 597 2667 intelligi
629 2586 724 2650 debet
748 2585 783 2649 in
807 2583 995 2650 nominibus
1024 2583 1196 2660 festorum,
1216 2590 1255 2651 ut

139 2664 242 2753 Κᾰριεια
259 2670 381 2735 Herod.
397 2671 469 2735 viii.
495 2670 549 2737 72.
571 2672 726 2753 aliisque:
750 2671 810 2737 sed·
827 2674 863 2736 in
885 2670 1076 2737 nominibus
1095 2668 1256 2744 ’Oltam
1367 2689 1370 2697 ·

137 2750 239 2821 Herod.
264 2758 296 2820 d.
319 2754 502 2831 Ι.”1σθμια,
524 2760 729 2839 caeterisque,
753 2757 893 2839 intelligi
919 2760 1021 2821 etiam
1045 2776 1164 2820 nomen
1178 2762 1255 2834 αγαι-

136 2844 240 2915 risam
255 2844 403 2949 potest.’'
424 2840 567 2908 Fischer.
581 2842 762 2908 adWeller.
778 2845 826 2914 iii.
847 2844 872 2907 1.
888 2864 920 2928 p.
931 2842 1009 2955 258.
1031 2841 1184 2909 Sessar.

453 2976 660 3055 *IEPE'lZ,
682 2976 922 3045 SAOERDOS.

170 3086 203 3153 ln
215 3092 330 3156 multis
344 3090 549 3155 sacerdotum
563 3090 734 3175 speciebus
758 3090 909 3154 absolute
931 3090 1048 3173 positis
1073 3090 1145 3154 sub.
1165 3092 1256 3176 ἱερεῖς.

137 3170 168 3237 ln
181 3177 334 3261 εἰρηνοδίκαι
349 3183 384 3241 et
399 3176 533 3257 morlopo'
549 3203 584 3251 οι,
598 3175 746 3264 sercialm.
792 3174 969 3256 Dionysius
983 3172 1063 3239 Hal.
1079 3177 1138 3240 lib.
1154 3178 1192 3241 ii.
1218 3198 1254 3262 p.
1290 3189 1302 3210 ‘

143 3260 199 3323 131.
214 3272 243 3328 et
257 3266 315 3328 lib.
333 3266 358 3328 i.
380 3284 414 3348 p.
431 3261 478 3325 17.
523 3204 562 3327 in
587 3266 748 3346 σκεφανηφό
778 3289 801 3337 ι,
816 3260 977 3345 flamines.
1023 3259 1072 3325 ld.
1088 3263 1146 3327 lib.
1163 3265 1197 3328 ii.
1218 3284 1255 3347 p.
1335 3335 1338 3341 ¹

142 3345 204 3410 124.
240 3348 278 3413 ln
294 3350 434 3425 ἐπιμήνια
449 3370 476 3413 s.
493 3350 725 3423 ἔπιμηνιεόοντες,
801 3346 914 3412 'menia
929 3346 1125 3428 celebrantes,
1141 3370 1256 3435 procta-

136 3444 232 3511 ranter‚
249 3438 286 3501 in
300 3436 527 3519 psephismate
541 3436 713 3518 Sigeomm
726 3456 761 3518 p.
776 3434 810 3498 8.
836 3454 867 3497 v.
889 3436 929 3499 cl.
962 3432 1114 3498 Chishull
1138 3437 1173 3499 in
1187 3442 1257 3499 not.
1286 3460 1289 3472 ·

136 3538 164 3601 p.
182 3521 225 3585 ll.
258 3520 517 3607 [etValclrenar.
540 3524 583 3586 ad
605 3520 762 3605 Herodot.
778 3541 811 3609 p.
827 3520 903 3592 688,
924 3519 979 3584 34.
1001 3518 1168 3610 Sonare]
1200 3521 1257 3589 Sic

136 3609 210 3689 apud
220 3610 357 3674 Latium
373 3611 408 3672 in
422 3605 545 3683 Dialis,
554 3606 732 3683 Martialis,
746 3605 941 3681 Quirinalis,
950 3606 1256 3673 cet.sub.sacerdor.

136 3714 159 3757 ο.
171 3694 293 3759 Sanctii
309 3694 453 3759 Minerv.
467 3696 526 3758 lib.
543 3697 587 3759 iv.
602 3714 676 3777 cap.
688 3695 721 3759 4.
744 3692 906 3757 Scswss.
981 3717 983 3720 ·

169 3780 425 3847 *Tantumnon
446 3800 576 3864 semper
596 3782 761 3847 omittitur
783 3782 818 3844 in
840 3781 981 3863 νεωκόρος,
1003 3783 1043 3843 ut
1060 3779 1150 3863 apud
1173 3780 1259 3845 Smi-

137 3866 214 3931 tlltlm
239 3889 275 3953 p.
300 3868 354 3932 23.
377 3870 505 3953 νεωκόρον
529 3871 582 3934 τῆς
607 3868 820 3953 λαμπροτάτης
847 3863 1013 3947 Κυζικηνῶν
1041 3870 1258 3952 μητροπόλεως.

136 3972 163 4037 p.
176 3954 226 4017 24.
249 3960 381 4038 νεωκόρος
396 3962 446 4019 τοίἰ
460 3952 621 4027 Σεβαστοῦ.
657 3952 740 4017 Vide
753 3953 863 4036 plures
884 3952 1114 4035 inscriptiones
1135 3954 1169 4016 in
1185 3952 1260 4018 Van

136 4038 208 4103 Dale
220 4042 301 4105 (1188.
317 4044 362 4105 iv.
378 4040 422 4103 ad
436 4038 555 4103 Marm.
568 4060 597 4103 e.
614 4041 636 4104 i.
682 4039 738 4105 Sic
752 4045 787 4102 et
801 4040 836 4101 in
848 4039 1022 4123 πρόσπολος,
1032 4039 1212 4124 σναστοφόρος
1225 4045 1259 4103 et

135 4128 210 4192 eliis.
254 4124 420 4191 Fortassis
442 4127 766 4211 ε11οηιίῑιβουζύρης,
788 4124 830 4187 de
853 4142 919 4204 qua
943 4123 1167 4206 adpellatione
1185 4126 1260 4188 ride

136 4214 175 4275 sis
188 4210 283 4279 Misc.
301 4212 384 4284 Oba.
403 4210 486 4276 Crit.
503 4214 565 4277 vol.
581 4232 612 4277 u.
624 4218 704 4277 tom.
721 4211 771 4275 iii.
785 4228 817 4294 p.
834 4208 887 4273 81.
909 4206 947 4273 F.
964 4208 1024 4273 Sr.

175 4300 190 4337 ²
209 4308 232 4338 ‘⁴
246 4298 418 4365 Demostb.
435 4318 470 4382 p.
483 4298 555 4363 531.
580 4302 594 4361 ὃ
611 4306 660 4362 τοῦ
676 4298 760 4361 Διός.
776 4297 881 4360 intell.
895 4293 992 4382 ἱερεὺς,
1006 4296 1058 4362 rel
1072 4294 1260 4379 appleri?

135 4378 268 4450 Fischer.
282 4388 325 4451 ad
339 4383 476 4449 Weller.
492 4386 541 4448 iii.
561 4386 586 4448 l.
601 4403 636 4466 p.
652 4381 727 4447 266.
751 4382 904 4447 Sessar.

482 4516 638 4593 IEPON,
667 4514 911 4584 TEMPLUM.

173 4626 209 4697 In
223 4633 259 4699 τό
279 4640 331 4703 τῆς
348 4631 536 4719 Ἀφροδίτης,
554 4630 588 4697 τό
603 4633 657 4699 τῶς
668 4627 813 4709 Ἀθηνᾶς,
835 4630 870 4694 τό
886 4631 937 4698 riis
950 4626 1129 4714 Δόμητρος,
1150 4626 1202 4715 [τό
1211 4634 1263 4697 τοῦ
